3120 4838
656 100 878 171 ..292

183 277 231 346 vel
254 280 531 368 praepositionem
554 283 758 367 praeferunt,
795 289 869 346 sunt
893 304 967 346 vero
991 283 1087 346 baec:
1121 278 1274 362 desinere,
1300 277 1352 348 de·

181 373 297 457 cipere,
324 372 498 460 abstinere,
525 372 682 448 invidere,
708 379 740 434 et
757 372 930 457 simplicia:
956 372 1047 451 solvi,
1065 393 1211 454 regnare,
1230 373 1351 454 mirari,

180 460 340 523 damnari.

268 547 447 613 Adnotio
464 550 539 614 11²:
565 550 651 615 verb.
670 571 795 632 compp.
816 549 992 635 participia
1015 557 1217 636 ,prognatus
1236 550 1352 624 editoe,
1439 549 1444 557 ’

183 638 353 702 demissus‘
387 638 430 701 ad
465 639 712 704 similitudinem
751 639 924 724 participp.
964 647 1068 720 ,ortus
1093 646 1187 704 natus
1212 645 1283 705 etc‘
1308 640 1359 704 ita·

182 734 435 808 construuntur,
477 734 515 791 ut
543 729 741 814 praepositio
769 728 831 790 nisi
858 729 997 811 majores
1020 729 1173 793 dicuntur
1205 728 1274 817 [sed
1296 751 1353 814 pa-

180 813 304 902 rentes]
331 838 396 880 non
420 817 571 881 addatur.

749 1014 790 1079 Β.

181 1173 405 1241 Verborum
435 1191 578 1257 praopp.
606 1192 710 1257 ·,pro,
743 1177 827 1257 sub,
855 1178 973 1257 super‘
1002 1177 1144 1243 etcum
1176 1177 1353 1259 insepara-

445 1281 568 1347 bilibis
590 1281 685 1363 ‚dis-,
710 1299 772 1364 se·,
796 1284 863 1349 re·‘
886 1284 1089 1365 composito.

272 1423 458 1491 Verborum
482 1444 583 1506 quaec
606 1424 660 1487 hio
684 1424 862 1507 spectanda
885 1431 969 1505 sunt,
995 1427 1061 1489 tria
1084 1425 1189 1488 inveni
1213 1445 1348 1507 genera:

182 1514 327 1597 primum
340 1512 525 1595 separandi,
544 1520 602 1576 aut
619 1515 783 1577 causative
799 1520 856 1577 aut
869 1514 1076 1578 intransitive
1089 1514 1191 1592 dicta3
1216 1514 1354 1577 alterum

183 1601 421 1684 distinguendi,
447 1601 579 1665 tertium
603 1623 727 1683 eorum,
761 1602 880 1684 quibus
905 1603 1111 1667 convertendi
1134 1603 1184 1666 vel
1207 1603 1355 1666 mutandi

181 1692 273 1755 notio
298 1691 418 1755 subest.
978 1707 982 1710 ⁴

458 1852 486 1914 I.
512 1852 602 1916 rerba
625 1853 844 1936 separationem
867 1853 1079 1938 vipnificantio.

689 1993 805 2080 po.

274 2133 510 2220 Inquirendum
538 2143 600 2217 est,
639 2139 778 2202 etiamne
806 2136 993 2220 hujusmodi
1020 2137 1119 2201 verba
1148 2137 1281 2221 regulae
1304 2139 1355 2203 illi

182 2247 283 2309 supra
308 2224 342 2311 (ξ
370 2224 403 2312 l)
428 2227 549 2291 allatae
573 2227 785 2291 accomodare
807 2227 982 2309 possimus3
1008 2226 1095 2308 quod
1118 2233 1155 2290 ut
1178 2228 1353 2310 videamus,

181 2317 257 2398 ipsa
294 2315 394 2380 verba
437 2323 469 2380 et
508 2337 591 2398 quae
630 2338 668 2380 ea
692 2321 850 2399 sequntur
888 2315 1031 2397 objecta,
1078 2316 1111 2379 in
1149 2324 1355 2400 conspectum

181 2405 326 2470 edamus.

512 2517 621 2579 praep.
809 2494 867 2556 obl.
891 2496 936 2558 rei
1138 2495 1199 2556 dot.
1219 2517 1301 2578 pers.

181 2601 329 2665 dimoveo
786 2601 884 2666 litore

180 2691 288 2773 dirigo
568 2688 575 2699 ’
788 2712 867 2755 arcu

179 2780 311 2844 discedo
485 2778 527 2843 ab
551 2779 644 2843 hoste

179 2869 321 2932 distineo
486 2890 506 2932 a
529 2868 624 2932 domo

179 2958 267 3022 disto
788 2956 860 3023 foro

178 3047 299 3112 divelle
1089 3067 1171 3111 novo
1206 3048 1355 3114 adultero

181 3135 324 3222 procedo
486 3135 527 3200 ab
550 3137 679 3220 incepto

817 3227 907 3306 rixis,
942 3226 1052 3290 chera-

787 3231 801 3479 ι

817 3405 990 3470 concubitu

181 3515 353 3576 promoveo
787 3493 858 3557 loco

181 3584 328 3667 propello
787 3582 863 3647 nido

182 3692 320 3756 prorepo
788 3671 901 3758 primis
925 3672 1022 3736 terris

182 3761 346 3844 prospicio
486 3781 525 3824 ex
547 3761 717 3825 moenibus

181 3870 320 3934 provoco
486 3849 527 3914 ab
552 3851 683 3931 inguine

180 3940 290 4004 vecido

180 3315 338 3400 prohibeo

514 4028 554 4092 ab
572 4028 698 4110 officiis,

182 4116 277 4182 redeo
514 4138 534 4181 a
551 4119 648 4183 fumo
663 4118 751 4182 lacu·

184 4293 295 4385 redigo
592 4229 655 4290 que
788 4297 886 4361 certis
894 4295 1054 4360 limitibus

1126 4405 1143 4454 4

1404 4269 1476 4496 Ι
