3120 4838
644 266 854 328 „25-

170 433 333 498 matellam
348 434 511 499 lucernam
527 439 711 518 ceterasque
728 455 780 498 res
796 435 863 497 esui
878 434 1011 515 usuique
1030 453 1108 516 prae
1124 452 1158 496 so
1172 434 1322 515 portant‘.

170 539 284 624 Atque
304 542 392 607 nulla
414 542 585 608 similitudo
610 544 669 606 nisi
692 564 730 607 ea
752 542 803 606 hie
825 548 936 619 exstat
969 542 1055 626 quod
1077 547 1211 623 uterque
1231 559 1322 623 syno-

169 670 301 732 nymum
322 656 457 734 usurpat
478 689 519 699 -
542 651 698 716 Horatius
727 651 889 729 ,lasanum‘
901 654 922 735 1)
948 650 1064 733 ,Varro
1093 649 1242 728 ,matella‘
1268 672 1321 727 -;

171 755 229 822 sed
249 757 328 822 haec
348 759 518 825 similitudo
536 760 681 844 profecto
704 765 770 824 tam
794 761 908 844 exigua
931 766 987 843 est,
1010 765 1047 824 ut
1061 759 1119 824 hos
1134 758 1221 823 locos
1239 759 1341 823 inter-

170 884 205 928 se
220 867 430 932 conectendos
453 889 521 933 esso
542 869 670 932 minime
692 867 813 952 probet.

271 993 390 1059 Horat.
413 1001 472 1062 sat.
495 994 514 1059 Ι
535 999 564 1075 5,
587 1000 636 1078 13,
661 1000 716 1062 14:
753 996 850 1078 ,Dum
877 1018 932 1062 aes
959 996 1106 1080 exigitur,
1134 995 1210 1060 dum
1236 995 1322 1060 mula

169 1097 299 1182 ligatur,
322 1101 407 1167 Tota
429 1102 497 1168 abit
518 1104 608 1168 hora‘
632 1110 663 1167 et
685 1103 779 1170 Varr.
804 1111 863 1168 sat.
886 1104 1026 1187 Monipp.
1050 1104 1148 1191 (Ries.
1169 1126 1200 1186 p.
1225 1102 1320 1187 161):

170 1204 234 1282 ,hio
254 1208 287 1271 in
309 1207 444 1273 ambivio
467 1231 579 1275 navem
602 1211 840 1275 conscendimus
862 1212 1053 1295 palustrem,
1082 1232 1178 1294 quam
1202 1210 1322 1274 nautici

171 1315 338 1396 equisones
368 1318 531 1400 perviam
554 1318 735 1403 (Heinriehi
758 1321 965 1384 mutationem
989 1319 1112 1399 ,ulvam‘
1137 1338 1323 1401 supervaca-

170 1441 265 1485 neam
286 1424 386 1508 puto),
418 1447 481 1508 qua
509 1424 673 1503 ducerent,
700 1427 768 1491 loro
792 1476 798 1491 .
824 1477 831 1492 .
854 1436 878 1493 .‘.
922 1428 1066 1510 Uterque
1097 1426 1135 1491 de
1157 1427 1269 1490 itinere
1291 1427 1324 1490 iu

171 1530 292 1613 scapha
307 1539 463 1615 suscepte,
487 1554 567 1617 quae
592 1533 730 1598 trahitur
745 1535 831 1598 mula
851 1535 883 1598 iu
899 1535 991 1599 litore
1007 1540 1089 1615 aeta,
1113 1533 1196 1599 dicit.
1241 1531 1323 1597 Cum

171 1636 259 1700 aliud
285 1639 363 1704 nihil
389 1642 489 1706 simile
515 1643 571 1723 sit,
606 1663 645 1705 ne
669 1642 743 1706 huic
773 1642 900 1725 quidem
927 1641 1123 1706 similitudini
1149 1640 1324 1724 quidquam

170 1744 376 1812 tribuendum
399 1755 456 1831 est,
479 1750 575 1833 idque
598 1771 635 1814 eo
658 1751 771 1828 miuus,
796 1750 881 1833 quod
904 1751 965 1815 iter
987 1773 1006 1814 a
1026 1772 1059 1814 se
1081 1750 1202 1814 laetum
1216 1748 1324 1813 Hora-

170 1854 235 1917 tius
256 1855 310 1919 hie
339 1855 498 1936 describit,
528 1859 559 1922 in
583 1879 646 1941 quo
668 1858 874 1923 describendo
895 1859 937 1923 ad
960 1880 1008 1940 ea,
1039 1879 1121 1941 (quae
1148 1859 1214 1941 ipse
1236 1856 1322 1936 vidit,

170 1984 244 2026 eum
266 1985 300 2028 se
322 1966 498 2048 applicasse
526 1989 583 2050 per
606 1988 638 2031 se
661 1973 767 2049 patet,
794 1968 916 2032 etiamsi
941 1968 1067 2050 singula
1090 1989 1161 2031 erun
1183 1965 1225 2030 ad
1247 1965 1324 2030 alio·

169 2093 242 2136 rum
270 2074 457 2157 exemplum,
483 2082 519 2139 nt
538 2075 678 2161 Lucilia)
702 2097 870 2141 exornasse
893 2077 1005 2160 negari
1026 2076 1145 2160 nequit.

273 2203 390 2271 Horat.
407 2211 465 2270 sat.
481 2207 500 2270 Ι
516 2211 545 2287 5,
570 2211 598 2285 9,
623 2209 678 2271 10;
704 2207 793 2287 ‚Jarn
814 2229 877 2270 nox
899 2206 1048 2270 inducere
1070 2206 1163 2269 terris
1181 2202 1323 2269 Umbras

169 2317 203 2375 et
225 2311 313 2376 caelo
333 2312 510 2379 diffundere
532 2317 623 2398 signa
643 2315 790 2398 parabat‘
814 2321 845 2380 et
859 2314 956 2382 Varr.
981 2320 1039 2380 sat.
1060 2314 1198 2396 Menipp.
1222 2311 1323 2397 (Ries

167 2441 200 2503 p.
226 2421 318 2506 161):
347 2421 502 2504 ,Repente
524 2424 626 2487 noctis
649 2424 774 2488 circiter
796 2421 935 2499 moridie,
959 2427 1040 2513 Cum
1058 2423 1162 2505 pictus
1184 2424 1240 2484 aiu·
1263 2419 1323 2483 fer·

167 2525 249 2590 vidis
270 2527 333 2592 late
355 2529 479 2611 ignibus
502 2528 592 2594 Caeli
611 2529 749 2594 oliorcan
777 2531 914 2594 astriceu
941 2529 1143 2594 ostenderet.
1186 2526 1323 2591 Diversa

168 2636 271 2700 noctis
307 2641 452 2721 tempora
489 2638 620 2702 (liversis
649 2638 752 2703 vorbis
787 2639 838 2701 hic
866 2643 963 2720 atque
995 2638 1057 2702 illle
1081 2635 1322 2716 describuntur,

167 2739 215 2811 ita
238 2752 274 2810 ut
296 2767 360 2810 non
382 2745 565 2824 habeamus,
588 2767 645 2810 cur
667 2746 724 2810 hos
747 2748 833 2811 locos
856 2747 939 2809 inter
962 2768 995 2810 se
1019 2747 1259 2830 conjungamus,

271 2875 389 2941 Horat.
412 2882 470 2943 sat.
493 2876 512 2941 I
534 2880 564 2956 2,
588 2880 639 2946 25,
663 2880 722 2941 26:
757 2875 919 2954 ‚Maltinus
949 2876 1063 2939 tunicis
1092 2873 1234 2938 demissis
1257 2893 1323 2936 am·

168 2983 275 3063 bulat;
303 2990 352 3048 est
380 2987 434 3068 qui
458 2985 583 3068 Inguen
611 2984 652 3047 ad
681 2983 852 3047 obscenum
875 2982 1039 3047 subductis
1061 3003 1162 3064 usque
1191 2980 1323 3044 facetus‘

169 3099 202 3157 et
229 3092 318 3160 Varr.
346 3098 403 3157 sat.
436 3093 577 3176 Meuipp.
611 3091 711 3175 (Ries
742 3114 771 3174 p.
803 3094 873 3168 166,
899 3090 979 3175 IV):
1012 3113 1084 3169 ,uon
1114 3089 1209 3154 modo
1241 3088 1323 3152 suris

169 3202 300 3285 apertiS,
323 3201 379 3265 sed
401 3222 502 3284 paene
523 3199 650 3264 natibus
674 3201 793 3282 apertis
817 3198 991 3277 ambulans
1014 3221 1085 3263 oum
1108 3198 1204 3263 etiam
1224 3195 1324 3261 Thais

168 3309 342 3374 Menandri
374 3310 514 3373 tunicam
546 3308 714 3373 demissam
745 3306 863 3371 habeat
892 3307 935 3371 ad
968 3308 1069 3374 talos‘.
1127 3306 1200 3372 Hos
1237 3305 1324 3369 looos

168 3440 365 3502 quamquam
387 3423 419 3481 et
443 3416 538 3480 rebus
565 3422 597 3480 ot
626 3415 729 3480 verbis
759 3417 841 3479 inter
868 3437 901 3480 so
931 3415 1047 3479 similes
1076 3437 1144 3479 esse
1175 3413 1322 3493 concedo,

168 3534 279 3593 tamen
299 3526 469 3590 cohaerere
492 3546 583 3607 nego.
628 3524 714 3588 Nam
737 3523 823 3605 quod
845 3523 887 3586 ad
906 3523 1128 3587 illustrandam
1149 3522 1236 3586 illam
1255 3543 1324 3587 seu·

169 3634 304 3699 tentiam
335 3632 420 3710 ,dum
446 3632 547 3695 vitant
567 3631 654 3694 stulti
680 3632 764 3709 vitia,
792 3632 824 3694 iu
853 3631 1015 3694 contraria
1045 3635 1186 3694 currunt‘
1217 3630 1323 3712 etiam,

169 3741 330 3826 quomodo
353 3761 488 3823 corpora
511 3740 647 3803 vestiant
667 3738 817 3816 homines
847 3739 981 3822 exempli
1004 3760 1100 3803 eausa
1130 3738 1232 3819 atl'ert,
1262 3738 1323 3803 hoe

273 3955 294 4025 ¹]
313 3973 409 4024 sequor
427 3957 496 4010 euim
516 3956 657 4019 Ameneia,
681 3955 727 4022 qui
751 3952 820 4022 quod
837 3953 957 4006 lasanum
975 3953 1111 4020 intellegit
1130 3969 1200 4019 „vas
1225 3953 1252 4004 iu
1270 3970 1323 4021 quo

168 4050 324 4101 exoneratur
343 4048 458 4112 ventor“,
478 4048 587 4112 excepto
611 4043 738 4099 Soobodio
758 4043 893 4112 „Scholion
912 4060 946 4095 zu
964 4044 1042 4095 Hor}⁴
1063 4041 1141 4095 Goth.
1163 4043 1227 4096 1839
1247 4059 1272 4111 p.
1289 4044 1322 4096 ‘23

169 4153 262 4191 omncs
280 4138 335 4192 lere
348 4139 398 4191 viri
417 4137 490 4192 docti
508 4135 627 4205 probant.

271 4246 343 4317 ²)ef.
361 4249 458 4318 lltgen.
486 4247 533 4315 „de
557 4247 620 4299 Hor.
643 4246 707 4301 Luc.
732 4244 872 4298 aemrdat.“
899 4259 974 4312 prog.
1000 4258 1088 4312 gimo.
1107 4243 1272 4299 Montabaur.
1297 4260 1320 4298 a.

171 4338 237 4393 1872
256 4355 280 4407 p.
301 4338 333 4391 ll
354 4354 409 4409 sqq.
429 4341 456 4394 et
475 4338 538 4392 Luc.
557 4336 683 4402 Mueller,
704 4334 732 4390 C.
750 4334 834 4388 Lucil.
852 4336 902 4388 sat.
921 4333 967 4387 rel.
988 4350 1013 4402 p.
1032 4332 1108 4388 XIII.

1363 4384 1452 4556 s
