3120 4838
752 270 964 335 ...18-

384 435 501 502 Horat.
523 444 583 503 sat.
607 437 646 501 II
670 443 688 501 5
711 446 744 503 et
763 440 842 507 Luc.
865 440 938 508 dial.
959 442 1045 506 deor.
1059 440 1144 521 XII,
1165 460 1357 523 quamquam
1381 459 1437 521 pa·

282 544 391 609 radias
422 547 582 611 continere
611 544 747 611 Homeri
777 546 939 632 Odysseae
968 551 1080 633 negari
1112 550 1229 631 nequit,
1256 555 1366 612 tamen
1394 547 1438 612 ad

283 650 469 737 Menippum
484 654 664 719 revocanda
680 676 747 720 esse
762 655 834 720 ideo
854 656 1054 720 infitiandum
1071 662 1128 723 est.
1151 657 1227 739 qnia
1242 655 1294 719 alii
1311 676 1437 737 quoque

283 759 464 826 huiusmodi
484 763 626 845 parodiis
648 763 828 828 Homericis
848 766 897 828 usi
920 774 1002 831 suut.
1047 765 1158 831 Scatet
1184 766 1228 829 eis
1257 769 1327 828 tota
1355 784 1437 846 quae

283 867 398 933 dicitur
419 869 525 934 media
552 871 724 951 couroedia,
757 894 853 954 quam
880 880 988 937 notam
1017 880 1114 956 atque
1141 873 1266 955 saepius
1294 870 1437 953 exemplo

282 976 408 1060 utrique
430 976 527 1042 fuisse
548 986 668 1043 certum
692 986 748 1045 est.

385 1082 468 1148 Tum
502 1086 587 1168 quod
618 1093 650 1150 et
682 1086 840 1150 Horatius
870 1088 902 1150 in
936 1094 994 1153 sat.
1028 1087 1065 1151 ΙΙ
1100 1092 1119 1151 ῠ
1152 1092 1184 1151 et
1212 1087 1372 1150 Lucienus
1405 1087 1438 1149 iu

281 1187 491 1276 Necyomant.
519 1215 648 1258 scurrae
672 1201 781 1277 partes
803 1194 945 1259 Tiresiae
968 1195 1089 1271 tribuit,
1112 1195 1297 1278 Menippum
1326 1215 1438 1279 sapere

284 1296 406 1366 Theod.
435 1300 631 1365 Fritzschius
666 1302 841 1381 contendit,
874 1303 931 1367 sed
964 1310 1096 1381 temere,
1131 1310 1167 1367 ut
1198 1302 1273 1365 milri
1304 1302 1438 1365 ridetur.

283 1406 379 1472 Certe
406 1409 492 1492 apud
513 1409 687 1474 Horatium
713 1412 782 1494 ipsa
808 1433 859 1475 res
887 1432 940 1474 eas
966 1413 1084 1494 exegit:
1122 1410 1278 1474 Horatius
1309 1411 1392 1472 euim
1418 1430 1439 1472 a

283 1515 493 1600 descriptione
519 1517 633 1602 Odp'ss.
657 1520 714 1585 XI
740 1519 880 1583 exhibita
905 1519 1066 1602 profectus
1092 1520 1126 1582 in
1154 1524 1337 1600 captatores
1361 1538 1439 1579 suae

283 1625 399 1688 aetatis
421 1626 526 1691 invehi
553 1627 586 1690 in
608 1628 749 1691 animum
775 1627 913 1703 induxit,
947 1627 1104 1691 Horatius
1132 1647 1227 1709 saepe
1252 1625 1285 1688 id
1312 1630 1439 1689 secutus

282 1736 348 1812 est,
380 1739 416 1797 ut
450 1734 557 1799 ridens
593 1736 713 1801 diceret
739 1757 861 1799 rerum:
895 1756 998 1799 nonne
1032 1742 1067 1799 ut
1089 1736 1242 1799 cornicum
1269 1754 1439 1816 personam

286 1838 428 1912 Tiresias
449 1850 597 1923 snrrreret,
619 1844 767 1909 facillime
787 1843 854 1907 fieri
871 1842 997 1926 potuit?

385 1968 503 2034 Horat.
527 1978 585 2037 sat.
604 1970 642 2035 ΙΙ
659 1977 689 2051 5,
713 1975 853 2037 23-26:
882 1972 1011 2054 ‚Captos
1038 1977 1163 2036 astutus
1188 1970 1305 2052 ubique
1328 1967 1439 2033 Testa-

284 2081 392 2140 menta
415 2098 534 2153 senum,
556 2100 628 2160 neu,
651 2081 678 2142 si
699 2079 788 2143 vafer
802 2103 883 2143 unus
902 2088 934 2144 et
950 2082 1031 2145 alter
1047 2080 1271 2144 Insidiatorem
1285 2099 1438 2161 praeroso

283 2182 402 2267 fugerit
423 2184 528 2267 hamo,
549 2186 619 2251 Aut
640 2209 728 2269 spem
751 2187 891 2271 deponas
914 2195 970 2253 aut
993 2196 1096 2254 artem
1118 2189 1227 2252 illusus
1247 2189 1384 2251 omittas‘
1407 2192 1439 2250 et

283 2291 362 2358 Luc.
388 2292 471 2358 Tim.
500 2315 526 2360 c.
554 2299 595 2359 22
622 2291 753 2380 ,ἀληθὲς
775 2291 915 2380 ἄγοντας
940 2293 979 2361 τὸ
1006 2297 1140 2372 πένθος,
1172 2291 1239 2372 οἷος
1267 2290 1388 2370 surisoda
1417 2291 1436 2359 ὁ

284 2394 408 2478 θύννος
430 2399 467 2466 ἐκ
487 2405 592 2487 μυχοῦ
614 2406 670 2488 τῆς
693 2398 830 2489 σαγήνης
856 2405 1007 2488 διέφυγεν
1034 2399 1096 2468 οὐκ
1123 2399 1233 2487 ὀλίγον
1260 2399 1298 2468 τὸ
1325 2404 1440 2486 δέλεαρ

283 2504 468 2573 καταπιώνί
490 2516 522 2574 et
543 2510 617 2575 dial.
639 2518 731 2578 mort.
755 2511 808 2577 VI
828 2517 848 2576 4
872 2504 900 2592 ,ὃ
920 2513 955 2575 δὲ
975 2507 1136 2577 τοσοῦτόν
1162 2536 1217 2596 μοι
1242 2513 1356 2595 δέλεαρ
1384 2535 1440 2575 κα-

282 2613 413 2681 ταπιών
445 2611 625 2702 ἐφειστήκει
652 2621 855 2704 θαπτομένῳ
889 2612 1007 2704 πρῴην
1037 2619 1215 2704 e'aryeioir‘.
1259 2618 1440 2684 Similitudo

283 2723 335 2788 hic
360 2725 394 2789 in
418 2746 456 2791 ea
483 2747 517 2789 rc
551 2731 696 2808 apparet,
731 2727 816 2810 quod
839 2727 1009 2809 utrobique
1043 2733 1244 2810 captaturum
1270 2726 1440 2790 artificium

284 2851 357 2894 cum
377 2833 574 2915 piscatorum
597 2840 667 2897 arte
689 2840 907 2917 comparatur:
932 2833 972 2896 ab
992 2833 1131 2920 Horatio
1154 2838 1300 2915 captator
1323 2833 1441 2914 siguifi-

284 2943 376 3001 catur
397 2939 572 3018 insidiator,
603 2948 869 3006 conrmemoratur
890 2942 1003 3004 hamus
1023 2962 1201 3022 praerosus.
1235 2940 1312 3023 fuga
1334 2941 1442 3023 aliprel·

282 3045 377 3124 latur,
405 3047 489 3130 quod
517 3068 612 3111 senex
642 3048 767 3131 elapsus
794 3055 853 3126 est;
878 3070 898 3112 a
921 3048 1066 3112 Lucieno
1090 3050 1208 3113 mentio
1232 3047 1268 3112 fit
1294 3048 1376 3111 senis
1404 3053 1441 3111 ut

283 3153 408 3237 thynni,
446 3156 501 3238 qui
527 3153 564 3219 ἐκ
587 3159 691 3239 μυχοῦ
718 3153 773 3241 τῆς
799 3150 935 3242 σαγήνης
962 3157 1130 3241 διαφυγεῖν
1158 3155 1343 3239 perhibetur
1377 3155 1440 3218 οὐκ

284 3255 394 3346 ὀλίγον
421 3262 469 3327 rel
495 3266 658 3328 τοσοῦτον
686 3265 798 3348 δέλεαρ
826 3257 1007 3332 καταπιών.
1053 3264 1117 3329 Sed
1144 3263 1216 3327 huic
1243 3262 1439 3327 similitudini

286 3388 342 3431 cur
365 3369 508 3454 Menippi
528 3371 739 3435 imitationem
762 3371 889 3436 subesse
909 3378 1066 3455 putemus,
1092 3393 1155 3435 non
1177 3371 1340 3448 hebenum,
1363 3392 1439 3434 nam

284 3475 529 3561 locupletissimo
557 3484 638 3542 teste
665 3478 943 3566 Hemsterhusi01)
976 3481 1101 3562 saepius
1132 3480 1211 3543 haec
1241 3479 1438 3561 comparatio

285 3588 433 3652 occurrit.
477 3586 523 3650 Et
545 3586 698 3651 Plautum
726 3610 795 3651 cam
817 3589 956 3654 Horatio
984 3587 1200 3670 suppeditasse
1225 3585 1374 3665 arbitror,
1399 3586 1439 3650 de
1515 3609 1518 3614 ·

285 3713 347 3773 quo
366 3693 523 3758 disserens
538 3693 765 3776 Ribbeekius‘2)
779 3696 855 3760 dicit
873 3697 948 3778 „der
963 3694 1113 3759 Erfinder
1132 3695 1218 3757 einer
1232 3692 1304 3756 List
1321 3693 1439 3774 gleicht

286 3801 386 3863 einem
413 3801 663 3883 Zimmermann,
690 3803 892 3868 Baumeister
914 3856 920 3871 .
942 3858 949 3870 .
971 3853 978 3868 .
1003 3802 1149 3880 Fischer3
1188 3802 1245 3865 das
1270 3800 1371 3884 Opfer
1397 3804 1439 3867 ist

286 3908 353 3971 eine
374 3907 543 3973 feindliehe
560 3909 657 3975 Stadt
679 3965 685 3977 .
710 3960 717 3976 .
738 3935 760 3990 .;
784 3912 861 3976 oder
881 3913 937 3976 der
951 3911 1029 3975 Alte
1049 3963 1055 3977 .
1073 3961 1079 3975 .
1099 3965 1105 3976 .
1127 3910 1205 3973 u'ird
1227 3910 1440 3991 ausgcueidet

284 4015 341 4078 nie
363 4016 413 4078 ein
429 4015 535 4081 Fisch.
580 4019 641 4082 Als
658 4019 760 4084 Beute
784 4021 860 4103 geht
878 4043 911 4084 cr
927 4022 974 4084 ins
989 4021 1082 4098 Netr,
1102 4021 1135 4083 in
1151 4018 1201 4081 die
1217 4018 1436 4085 Fischr·euse.“

285 4164 514 4180 -ῇ-ο-

389 4246 409 4306 ¹)
428 4246 490 4298 Luc.
510 4245 549 4300 ed.
568 4247 626 4314 Bip.
645 4251 712 4301 tmn.
731 4250 757 4300 II
775 4267 799 4317 p.
820 4250 878 4304 440.

389 4335 410 4405 ²)
428 4335 521 4389 Gesch.
541 4335 565 4388 d.
583 4342 648 4393 rom.
666 4339 810 4408 Dichtuug,
830 4341 849 4391 I.
869 4340 1006 4409 Dichtung
1024 4339 1048 4392 d.
1067 4340 1197 4409 Republik
1213 4358 1238 4409 p.
1263 4341 1321 4396 123.
