<?xml version="1.0" encoding="UTF-8"?>
<!DOCTYPE html PUBLIC "-//W3C//DTD XHTML 1.0 Transitional//EN"
    "http://www.w3.org/TR/xhtml1/DTD/xhtml1-transitional.dtd">
<html xmlns="http://www.w3.org/1999/xhtml" xml:lang="en" lang="en">
 <head>
  <title>
</title>
<meta http-equiv="Content-Type" content="text/html;charset=utf-8" />
  <meta name='ocr-system' content='tesseract 3.04.00' />
  <meta name='ocr-capabilities' content='ocr_page ocr_carea ocr_par ocr_line ocrx_word'/>
</head>
<body>
  <div class='ocr_page' id='page_1' title='image "./deverborumcompo00horagoog/deverborumcompo00horagoog_0078.png"; bbox 0 0 3120 4838; ppageno 0'>
   <div class='ocr_carea' id='block_1_1' title="bbox 734 263 947 326">
    <p class='ocr_par' dir='ltr' id='par_1_1' title="bbox 734 263 947 326">
     <span class='ocr_line' id='line_1_1' title="bbox 734 263 947 326; baseline 0.009 -17"><span class='ocrx_word' id='word_1_1' title='bbox 734 263 947 326; x_wconf 78' lang='lat'>..12-</span> 
     </span>
    </p>
   </div>
   <div class='ocr_carea' id='block_1_2' title="bbox 255 428 1418 4407">
    <p class='ocr_par' dir='ltr' id='par_1_2' title="bbox 258 428 1413 1165">
     <span class='ocr_line' id='line_1_2' title="bbox 258 428 1413 518; baseline 0.006 -25"><span class='ocrx_word' id='word_1_2' title='bbox 258 449 331 496; x_wconf 90' lang='lat' dir='ltr'>cum</span> <span class='ocrx_word' id='word_1_3' title='bbox 350 428 494 515; x_wconf 89' lang='lat' dir='ltr'>Menippi</span> <span class='ocrx_word' id='word_1_4' title='bbox 514 434 640 497; x_wconf 88' lang='lat' dir='ltr'>saturas</span> <span class='ocrx_word' id='word_1_5' title='bbox 660 453 719 499; x_wconf 89' lang='lat' dir='ltr'>nec</span> <span class='ocrx_word' id='word_1_6' title='bbox 746 454 784 499; x_wconf 90' lang='lat' dir='ltr'>ea</span> <span class='ocrx_word' id='word_1_7' title='bbox 803 433 908 499; x_wconf 84' lang='lat' dir='ltr'>forma</span> <span class='ocrx_word' id='word_1_8' title='bbox 930 433 1065 518; x_wconf 89' lang='lat' dir='ltr'>scriptas</span> <span class='ocrx_word' id='word_1_9' title='bbox 1089 452 1157 498; x_wconf 90' lang='lat' dir='ltr'>esse</span> <span class='ocrx_word' id='word_1_10' title='bbox 1185 452 1244 498; x_wconf 90' lang='lat' dir='ltr'>nec</span> <span class='ocrx_word' id='word_1_11' title='bbox 1275 452 1330 498; x_wconf 92' lang='lat' dir='ltr'>eas</span> <span class='ocrx_word' id='word_1_12' title='bbox 1357 454 1413 500; x_wconf 90' lang='lat' dir='ltr'>res</span> 
     </span>
     <span class='ocr_line' id='line_1_3' title="bbox 258 537 1412 624; baseline 0.004 -22"><span class='ocrx_word' id='word_1_13' title='bbox 258 537 449 605; x_wconf 78' lang='lat' dir='ltr'>continuisse</span> <span class='ocrx_word' id='word_1_14' title='bbox 478 538 572 618; x_wconf 93' lang='lat' dir='ltr'>dicat,</span> <span class='ocrx_word' id='word_1_15' title='bbox 602 539 717 624; x_wconf 91' lang='lat' dir='ltr'>quibus</span> <span class='ocrx_word' id='word_1_16' title='bbox 746 540 903 608; x_wconf 84' lang='lat' dir='ltr'>Horatius</span> <span class='ocrx_word' id='word_1_17' title='bbox 933 541 1018 606; x_wconf 89' lang='lat' dir='ltr'>allici</span> <span class='ocrx_word' id='word_1_18' title='bbox 1046 544 1161 623; x_wconf 87' lang='lat' dir='ltr'>posset</span> <span class='ocrx_word' id='word_1_19' title='bbox 1219 538 1307 605; x_wconf 89' lang='lat' dir='ltr'>Nam</span> <span class='ocrx_word' id='word_1_20' title='bbox 1337 561 1412 607; x_wconf 88' lang='lat' dir='ltr'>cum</span> 
     </span>
     <span class='ocr_line' id='line_1_4' title="bbox 259 646 1413 733; baseline 0.003 -23"><span class='ocrx_word' id='word_1_21' title='bbox 259 666 355 732; x_wconf 90' lang='lat' dir='ltr'>prosa</span> <span class='ocrx_word' id='word_1_22' title='bbox 386 651 418 711; x_wconf 92' lang='lat' dir='ltr'>ct</span> <span class='ocrx_word' id='word_1_23' title='bbox 445 648 571 731; x_wconf 89' lang='lat' dir='ltr'>poetica</span> <span class='ocrx_word' id='word_1_24' title='bbox 601 649 744 714; x_wconf 88' lang='lat' dir='ltr'>oratione</span> <span class='ocrx_word' id='word_1_25' title='bbox 778 649 972 733; x_wconf 90' lang='lat' dir='ltr'>compositae</span> <span class='ocrx_word' id='word_1_26' title='bbox 999 651 1104 714; x_wconf 90' lang='lat' dir='ltr'>essent</span> <span class='ocrx_word' id='word_1_27' title='bbox 1133 651 1231 730; x_wconf 89' lang='lat' dir='ltr'>atque</span> <span class='ocrx_word' id='word_1_28' title='bbox 1256 646 1356 712; x_wconf 91' lang='lat' dir='ltr'>duras</span> <span class='ocrx_word' id='word_1_29' title='bbox 1379 653 1413 713; x_wconf 91' lang='lat' dir='ltr'>et</span> 
     </span>
     <span class='ocr_line' id='line_1_5' title="bbox 260 755 1413 842; baseline 0.003 -23"><span class='ocrx_word' id='word_1_30' title='bbox 260 759 403 838; x_wconf 83' lang='lat' dir='ltr'><strong>agrestes</strong></span> <span class='ocrx_word' id='word_1_31' title='bbox 414 777 465 821; x_wconf 90' lang='lat' dir='ltr'>res</span> <span class='ocrx_word' id='word_1_32' title='bbox 474 757 680 837; x_wconf 88' lang='lat' dir='ltr'>continerent,</span> <span class='ocrx_word' id='word_1_33' title='bbox 692 758 798 842; x_wconf 89' lang='lat' dir='ltr'>potius</span> <span class='ocrx_word' id='word_1_34' title='bbox 810 757 852 823; x_wconf 90' lang='lat' dir='ltr'>ab</span> <span class='ocrx_word' id='word_1_35' title='bbox 863 759 902 823; x_wconf 91' lang='lat' dir='ltr'>iis</span> <span class='ocrx_word' id='word_1_36' title='bbox 913 757 1088 823; x_wconf 81' lang='lat' dir='ltr'>Horatium</span> <span class='ocrx_word' id='word_1_37' title='bbox 1102 755 1279 839; x_wconf 76' lang='lat' dir='ltr'>elegantiae</span> <span class='ocrx_word' id='word_1_38' title='bbox 1288 755 1413 822; x_wconf 87' lang='lat' dir='ltr'>formae</span> 
     </span>
     <span class='ocr_line' id='line_1_6' title="bbox 259 863 1411 950; baseline 0.002 -22"><span class='ocrx_word' id='word_1_39' title='bbox 259 869 291 929; x_wconf 92' lang='lat' dir='ltr'>et</span> <span class='ocrx_word' id='word_1_40' title='bbox 311 863 503 930; x_wconf 81' lang='lat' dir='ltr'>urbanitatis</span> <span class='ocrx_word' id='word_1_41' title='bbox 522 867 702 950; x_wconf 90' lang='lat' dir='ltr'>argumenti</span> <span class='ocrx_word' id='word_1_42' title='bbox 719 866 971 932; x_wconf 86' lang='lat' dir='ltr'>amantissimum</span> <span class='ocrx_word' id='word_1_43' title='bbox 987 865 1141 932; x_wconf 83' lang='lat' dir='ltr'>deterreri</span> <span class='ocrx_word' id='word_1_44' title='bbox 1155 885 1282 930; x_wconf 89' lang='lat' dir='ltr'>necesse</span> <span class='ocrx_word' id='word_1_45' title='bbox 1303 864 1411 947; x_wconf 83' lang='lat' dir='ltr'>brisse,</span> 
     </span>
     <span class='ocr_line' id='line_1_7' title="bbox 258 971 1413 1058; baseline 0.001 -22"><span class='ocrx_word' id='word_1_46' title='bbox 258 973 445 1056; x_wconf 89' lang='lat' dir='ltr'>praesertim</span> <span class='ocrx_word' id='word_1_47' title='bbox 459 994 532 1037; x_wconf 91' lang='lat' dir='ltr'>cum</span> <span class='ocrx_word' id='word_1_48' title='bbox 543 973 671 1058; x_wconf 76' lang='lat' dir='ltr'>Cynicis</span> <span class='ocrx_word' id='word_1_49' title='bbox 687 975 814 1040; x_wconf 89' lang='lat' dir='ltr'>omnino</span> <span class='ocrx_word' id='word_1_50' title='bbox 836 995 900 1039; x_wconf 91' lang='lat' dir='ltr'>nou</span> <span class='ocrx_word' id='word_1_51' title='bbox 915 973 1044 1039; x_wconf 83' lang='lat' dir='ltr'>faveret.</span> <span class='ocrx_word' id='word_1_52' title='bbox 1073 972 1213 1038; x_wconf 88' lang='lat' dir='ltr'>Haecin</span> <span class='ocrx_word' id='word_1_53' title='bbox 1228 971 1413 1037; x_wconf 87' lang='lat' dir='ltr'>universnm</span> 
     </span>
     <span class='ocr_line' id='line_1_8' title="bbox 259 1077 945 1165; baseline 0.004 -22"><span class='ocrx_word' id='word_1_54' title='bbox 259 1077 299 1143; x_wconf 90' lang='lat' dir='ltr'>de</span> <span class='ocrx_word' id='word_1_55' title='bbox 321 1078 473 1164; x_wconf 89' lang='lat' dir='ltr'>Menippo</span> <span class='ocrx_word' id='word_1_56' title='bbox 496 1085 528 1145; x_wconf 91' lang='lat' dir='ltr'>et</span> <span class='ocrx_word' id='word_1_57' title='bbox 549 1079 690 1146; x_wconf 89' lang='lat' dir='ltr'>Horatio</span> <span class='ocrx_word' id='word_1_58' title='bbox 713 1082 840 1165; x_wconf 91' lang='lat' dir='ltr'>prolata</span> <span class='ocrx_word' id='word_1_59' title='bbox 862 1085 945 1146; x_wconf 89' lang='lat' dir='ltr'>sunt.</span> 
     </span>
    </p>

    <p class='ocr_par' dir='ltr' id='par_1_3' title="bbox 258 1185 1414 2226">
     <span class='ocr_line' id='line_1_9' title="bbox 359 1185 1412 1272; baseline 0.002 -21"><span class='ocrx_word' id='word_1_60' title='bbox 359 1185 545 1272; x_wconf 85' lang='lat' dir='ltr'>Menippum</span> <span class='ocrx_word' id='word_1_61' title='bbox 559 1186 699 1255; x_wconf 87' lang='lat' dir='ltr'>Horatio</span> <span class='ocrx_word' id='word_1_62' title='bbox 714 1190 858 1272; x_wconf 89' lang='lat' dir='ltr'>ignotum</span> <span class='ocrx_word' id='word_1_63' title='bbox 874 1187 972 1254; x_wconf 90' lang='lat' dir='ltr'>fuisse</span> <span class='ocrx_word' id='word_1_64' title='bbox 983 1187 1166 1253; x_wconf 87' lang='lat' dir='ltr'>incredibile</span> <span class='ocrx_word' id='word_1_65' title='bbox 1181 1187 1258 1252; x_wconf 92' lang='lat' dir='ltr'>mihi</span> <span class='ocrx_word' id='word_1_66' title='bbox 1272 1187 1412 1267; x_wconf 80' lang='lat' dir='ltr'>videtur3</span> 
     </span>
     <span class='ocr_line' id='line_1_10' title="bbox 259 1294 1413 1380; baseline 0.002 -21"><span class='ocrx_word' id='word_1_67' title='bbox 259 1294 314 1359; x_wconf 89' lang='lat' dir='ltr'>sed</span> <span class='ocrx_word' id='word_1_68' title='bbox 346 1294 421 1361; x_wconf 91' lang='lat' dir='ltr'>inde</span> <span class='ocrx_word' id='word_1_69' title='bbox 452 1316 516 1361; x_wconf 90' lang='lat' dir='ltr'>uon</span> <span class='ocrx_word' id='word_1_70' title='bbox 548 1297 692 1380; x_wconf 78' lang='lat' dir='ltr'>sequntur</span> <span class='ocrx_word' id='word_1_71' title='bbox 720 1297 806 1363; x_wconf 90' lang='lat' dir='ltr'>illum</span> <span class='ocrx_word' id='word_1_72' title='bbox 837 1298 910 1362; x_wconf 89' lang='lat' dir='ltr'>huic</span> <span class='ocrx_word' id='word_1_73' title='bbox 944 1297 1087 1380; x_wconf 86' lang='lat' dir='ltr'>exemplo</span> <span class='ocrx_word' id='word_1_74' title='bbox 1120 1295 1227 1361; x_wconf 86' lang='lat' dir='ltr'>fuisse.</span> <span class='ocrx_word' id='word_1_75' title='bbox 1277 1295 1351 1380; x_wconf 80' lang='lat' dir='ltr'>Qua</span> <span class='ocrx_word' id='word_1_76' title='bbox 1379 1297 1413 1361; x_wconf 87' lang='lat' dir='ltr'>in</span> 
     </span>
     <span class='ocr_line' id='line_1_11' title="bbox 259 1402 1412 1488; baseline 0.003 -24"><span class='ocrx_word' id='word_1_77' title='bbox 259 1402 444 1483; x_wconf 84' lang='lat' dir='ltr'>quaestione</span> <span class='ocrx_word' id='word_1_78' title='bbox 476 1402 684 1487; x_wconf 89' lang='lat' dir='ltr'>disceptanda</span> <span class='ocrx_word' id='word_1_79' title='bbox 712 1405 831 1488; x_wconf 89' lang='lat' dir='ltr'>partim</span> <span class='ocrx_word' id='word_1_80' title='bbox 860 1405 971 1486; x_wconf 89' lang='lat' dir='ltr'>amori,</span> <span class='ocrx_word' id='word_1_81' title='bbox 1000 1425 1063 1488; x_wconf 91' lang='lat' dir='ltr'>quo</span> <span class='ocrx_word' id='word_1_82' title='bbox 1085 1403 1244 1469; x_wconf 87' lang='lat' dir='ltr'>Horatius</span> <span class='ocrx_word' id='word_1_83' title='bbox 1267 1402 1412 1470; x_wconf 84' lang='lat' dir='ltr'>Graecos</span> 
     </span>
     <span class='ocr_line' id='line_1_12' title="bbox 259 1509 1413 1595; baseline 0.003 -24"><span class='ocrx_word' id='word_1_84' title='bbox 259 1509 429 1591; x_wconf 89' lang='lat' dir='ltr'>scriptores</span> <span class='ocrx_word' id='word_1_85' title='bbox 457 1510 721 1593; x_wconf 85' lang='lat' dir='ltr'>amplectebatur,</span> <span class='ocrx_word' id='word_1_86' title='bbox 754 1513 873 1595; x_wconf 91' lang='lat' dir='ltr'>partim</span> <span class='ocrx_word' id='word_1_87' title='bbox 901 1512 967 1577; x_wconf 90' lang='lat' dir='ltr'>eius</span> <span class='ocrx_word' id='word_1_88' title='bbox 993 1511 1098 1577; x_wconf 90' lang='lat' dir='ltr'>studio</span> <span class='ocrx_word' id='word_1_89' title='bbox 1127 1510 1296 1576; x_wconf 87' lang='lat' dir='ltr'>verborum</span> <span class='ocrx_word' id='word_1_90' title='bbox 1321 1510 1413 1576; x_wconf 80' lang='lat' dir='ltr'>lima</span> 
     </span>
     <span class='ocr_line' id='line_1_13' title="bbox 258 1618 1413 1700; baseline 0.005 -22"><span class='ocrx_word' id='word_1_91' title='bbox 258 1620 364 1679; x_wconf 89' lang='lat' dir='ltr'>torum</span> <span class='ocrx_word' id='word_1_92' title='bbox 387 1622 485 1700; x_wconf 92' lang='lat' dir='ltr'>atque</span> <span class='ocrx_word' id='word_1_93' title='bbox 506 1638 614 1682; x_wconf 91' lang='lat' dir='ltr'>rerum</span> <span class='ocrx_word' id='word_1_94' title='bbox 635 1618 813 1685; x_wconf 80' lang='lat' dir='ltr'>lacetarum</span> <span class='ocrx_word' id='word_1_95' title='bbox 834 1620 881 1685; x_wconf 86' lang='lat' dir='ltr'>vis</span> <span class='ocrx_word' id='word_1_96' title='bbox 900 1619 1023 1685; x_wconf 87' lang='lat' dir='ltr'>tributa</span> <span class='ocrx_word' id='word_1_97' title='bbox 1051 1624 1106 1686; x_wconf 91' lang='lat' dir='ltr'>est.</span> <span class='ocrx_word' id='word_1_98' title='bbox 1150 1618 1305 1683; x_wconf 85' lang='lat' dir='ltr'>Adversis</span> <span class='ocrx_word' id='word_1_99' title='bbox 1326 1618 1413 1684; x_wconf 91' lang='lat' dir='ltr'>fron·</span> 
     </span>
     <span class='ocr_line' id='line_1_14' title="bbox 259 1722 1413 1812; baseline 0.006 -25"><span class='ocrx_word' id='word_1_100' title='bbox 259 1722 344 1788; x_wconf 90' lang='lat' dir='ltr'>tibus</span> <span class='ocrx_word' id='word_1_101' title='bbox 376 1724 456 1791; x_wconf 90' lang='lat' dir='ltr'>haec</span> <span class='ocrx_word' id='word_1_102' title='bbox 491 1733 680 1809; x_wconf 88' lang='lat' dir='ltr'>argumenta</span> <span class='ocrx_word' id='word_1_103' title='bbox 710 1728 793 1793; x_wconf 88' lang='lat' dir='ltr'>inter</span> <span class='ocrx_word' id='word_1_104' title='bbox 826 1749 860 1793; x_wconf 92' lang='lat' dir='ltr'>se</span> <span class='ocrx_word' id='word_1_105' title='bbox 893 1734 1053 1812; x_wconf 88' lang='lat' dir='ltr'>pugnant;</span> <span class='ocrx_word' id='word_1_106' title='bbox 1087 1733 1195 1793; x_wconf 90' lang='lat' dir='ltr'>utrum</span> <span class='ocrx_word' id='word_1_107' title='bbox 1224 1727 1329 1810; x_wconf 89' lang='lat' dir='ltr'>majus</span> <span class='ocrx_word' id='word_1_108' title='bbox 1362 1728 1413 1808; x_wconf 89' lang='lat' dir='ltr'>sit,</span> 
     </span>
     <span class='ocr_line' id='line_1_15' title="bbox 259 1832 1413 1918; baseline 0.005 -22"><span class='ocrx_word' id='word_1_109' title='bbox 259 1832 433 1914; x_wconf 90' lang='lat' dir='ltr'>quaeritur.</span> <span class='ocrx_word' id='word_1_110' title='bbox 477 1832 583 1917; x_wconf 80' lang='lat' dir='ltr'>Quam</span> <span class='ocrx_word' id='word_1_111' title='bbox 610 1836 828 1918; x_wconf 87' lang='lat' dir='ltr'>quaestionem</span> <span class='ocrx_word' id='word_1_112' title='bbox 852 1857 924 1901; x_wconf 91' lang='lat' dir='ltr'>cum</span> <span class='ocrx_word' id='word_1_113' title='bbox 949 1837 982 1900; x_wconf 89' lang='lat' dir='ltr'>in</span> <span class='ocrx_word' id='word_1_114' title='bbox 1004 1837 1184 1903; x_wconf 85' lang='lat' dir='ltr'>mriversum</span> <span class='ocrx_word' id='word_1_115' title='bbox 1214 1835 1413 1918; x_wconf 88' lang='lat' dir='ltr'>disputantes</span> 
     </span>
     <span class='ocr_line' id='line_1_16' title="bbox 260 1939 1414 2028; baseline 0.005 -24"><span class='ocrx_word' id='word_1_116' title='bbox 260 1939 421 2006; x_wconf 90' lang='lat' dir='ltr'>diudicare</span> <span class='ocrx_word' id='word_1_117' title='bbox 444 1962 502 2006; x_wconf 90' lang='lat' dir='ltr'>nos</span> <span class='ocrx_word' id='word_1_118' title='bbox 525 1963 590 2007; x_wconf 91' lang='lat' dir='ltr'>non</span> <span class='ocrx_word' id='word_1_119' title='bbox 611 1964 705 2026; x_wconf 92' lang='lat' dir='ltr'>posse</span> <span class='ocrx_word' id='word_1_120' title='bbox 724 1943 871 2023; x_wconf 90' lang='lat' dir='ltr'>arbitrer,</span> <span class='ocrx_word' id='word_1_121' title='bbox 897 1945 976 2027; x_wconf 90' lang='lat' dir='ltr'>jam,</span> <span class='ocrx_word' id='word_1_122' title='bbox 1002 1950 1039 2010; x_wconf 90' lang='lat' dir='ltr'>ut</span> <span class='ocrx_word' id='word_1_123' title='bbox 1063 1945 1097 2010; x_wconf 93' lang='lat' dir='ltr'>id</span> <span class='ocrx_word' id='word_1_124' title='bbox 1120 1944 1207 2028; x_wconf 87' lang='lat' dir='ltr'>quod</span> <span class='ocrx_word' id='word_1_125' title='bbox 1227 1943 1319 2009; x_wconf 90' lang='lat' dir='ltr'>nobis</span> <span class='ocrx_word' id='word_1_126' title='bbox 1339 1965 1414 2028; x_wconf 93' lang='lat' dir='ltr'>pro·</span> 
     </span>
     <span class='ocr_line' id='line_1_17' title="bbox 260 2047 1413 2136; baseline 0.003 -23"><span class='ocrx_word' id='word_1_127' title='bbox 260 2049 421 2131; x_wconf 89' lang='lat' dir='ltr'>posuimus</span> <span class='ocrx_word' id='word_1_128' title='bbox 443 2047 654 2133; x_wconf 88' lang='lat' dir='ltr'>perficiamus,</span> <span class='ocrx_word' id='word_1_129' title='bbox 682 2050 930 2134; x_wconf 78' lang='lat' dir='ltr'>&#39;confugiendum</span> <span class='ocrx_word' id='word_1_130' title='bbox 952 2058 1000 2117; x_wconf 92' lang='lat' dir='ltr'>est</span> <span class='ocrx_word' id='word_1_131' title='bbox 1030 2051 1073 2117; x_wconf 89' lang='lat' dir='ltr'>ad</span> <span class='ocrx_word' id='word_1_132' title='bbox 1103 2051 1243 2136; x_wconf 86' lang='lat' dir='ltr'>singulas</span> <span class='ocrx_word' id='word_1_133' title='bbox 1270 2051 1413 2116; x_wconf 89' lang='lat' dir='ltr'>similitu-</span> 
     </span>
     <span class='ocr_line' id='line_1_18' title="bbox 260 2154 1101 2226; baseline 0.004 -6"><span class='ocrx_word' id='word_1_134' title='bbox 260 2154 348 2222; x_wconf 89' lang='lat' dir='ltr'>dines</span> <span class='ocrx_word' id='word_1_135' title='bbox 370 2157 607 2226; x_wconf 86' lang='lat' dir='ltr'>sxaminandas.</span> <span class='ocrx_word' id='word_1_136' title='bbox 1097 2219 1101 2223; x_wconf 84' lang='lat'>.</span> 
     </span>
    </p>

    <p class='ocr_par' dir='ltr' id='par_1_4' title="bbox 255 2265 1418 4407">
     <span class='ocr_line' id='line_1_19' title="bbox 361 2265 1412 2350; baseline 0 -21"><span class='ocrx_word' id='word_1_137' title='bbox 361 2265 415 2329; x_wconf 82' lang='lat' dir='ltr'>Ad</span> <span class='ocrx_word' id='word_1_138' title='bbox 443 2266 571 2330; x_wconf 85' lang='lat' dir='ltr'>tertiam</span> <span class='ocrx_word' id='word_1_139' title='bbox 597 2268 694 2350; x_wconf 88' lang='lat' dir='ltr'>igitur</span> <span class='ocrx_word' id='word_1_140' title='bbox 720 2267 813 2333; x_wconf 91' lang='lat' dir='ltr'>huius</span> <span class='ocrx_word' id='word_1_141' title='bbox 842 2265 1072 2330; x_wconf 84' lang='lat' dir='ltr'>dissertationis</span> <span class='ocrx_word' id='word_1_142' title='bbox 1097 2271 1224 2349; x_wconf 88' lang='lat' dir='ltr'>partem</span> <span class='ocrx_word' id='word_1_143' title='bbox 1251 2286 1309 2331; x_wconf 93' lang='lat' dir='ltr'>nos</span> <span class='ocrx_word' id='word_1_144' title='bbox 1339 2285 1412 2330; x_wconf 89' lang='lat' dir='ltr'>eon·</span> 
     </span>
     <span class='ocr_line' id='line_1_20' title="bbox 260 2371 1413 2456; baseline 0.003 -21"><span class='ocrx_word' id='word_1_145' title='bbox 260 2378 427 2438; x_wconf 88' lang='lat' dir='ltr'>vertamus.</span> <span class='ocrx_word' id='word_1_146' title='bbox 472 2373 519 2440; x_wconf 90' lang='lat' dir='ltr'>Ut</span> <span class='ocrx_word' id='word_1_147' title='bbox 540 2374 759 2440; x_wconf 89' lang='lat' dir='ltr'>similitudines</span> <span class='ocrx_word' id='word_1_148' title='bbox 779 2375 864 2439; x_wconf 90' lang='lat' dir='ltr'>inter</span> <span class='ocrx_word' id='word_1_149' title='bbox 885 2371 1059 2438; x_wconf 89' lang='lat' dir='ltr'>Horatium</span> <span class='ocrx_word' id='word_1_150' title='bbox 1087 2378 1119 2438; x_wconf 88' lang='lat' dir='ltr'>et</span> <span class='ocrx_word' id='word_1_151' title='bbox 1139 2373 1328 2452; x_wconf 89' lang='lat' dir='ltr'>Luciauum,</span> <span class='ocrx_word' id='word_1_152' title='bbox 1358 2373 1413 2456; x_wconf 92' lang='lat' dir='ltr'>qui</span> 
     </span>
     <span class='ocr_line' id='line_1_21' title="bbox 260 2462 1414 2564; baseline 0.003 -22"><span class='ocrx_word' id='word_1_153' title='bbox 260 2477 445 2564; x_wconf 88' lang='lat' dir='ltr'>Menippum</span> <span class='ocrx_word' id='word_1_154' title='bbox 462 2481 639 2547; x_wconf 91' lang='lat' dir='ltr'>aemulatus</span> <span class='ocrx_word' id='word_1_155' title='bbox 655 2487 711 2560; x_wconf 92' lang='lat' dir='ltr'>est,</span> <span class='ocrx_word' id='word_1_156' title='bbox 734 2462 945 2559; x_wconf 78' lang='lat' dir='ltr'>enuclearebt,</span> <span class='ocrx_word' id='word_1_157' title='bbox 961 2479 1149 2546; x_wconf 76' lang='lat' dir='ltr'>Theodorus</span> <span class='ocrx_word' id='word_1_158' title='bbox 1164 2480 1414 2546; x_wconf 89' lang='lat' dir='ltr'>etHermannus</span> 
     </span>
     <span class='ocr_line' id='line_1_22' title="bbox 260 2586 1413 2673; baseline 0.002 -22"><span class='ocrx_word' id='word_1_159' title='bbox 260 2586 429 2653; x_wconf 85' lang='lat' dir='ltr'>Fritzschii</span> <span class='ocrx_word' id='word_1_160' title='bbox 447 2593 480 2653; x_wconf 89' lang='lat' dir='ltr'>et</span> <span class='ocrx_word' id='word_1_161' title='bbox 497 2587 539 2656; x_wconf 80' lang='lat' dir='ltr'>A.</span> <span class='ocrx_word' id='word_1_162' title='bbox 551 2589 767 2667; x_wconf 89' lang='lat' dir='ltr'>Heinricbius,</span> <span class='ocrx_word' id='word_1_163' title='bbox 788 2590 847 2654; x_wconf 84' lang='lat' dir='ltr'>viri</span> <span class='ocrx_word' id='word_1_164' title='bbox 866 2588 1071 2672; x_wconf 85' lang='lat' dir='ltr'>sagacissimi,</span> <span class='ocrx_word' id='word_1_165' title='bbox 1095 2609 1224 2673; x_wconf 90' lang='lat' dir='ltr'>operam</span> <span class='ocrx_word' id='word_1_166' title='bbox 1247 2588 1413 2668; x_wconf 89' lang='lat' dir='ltr'>dederunt,</span> 
     </span>
     <span class='ocr_line' id='line_1_23' title="bbox 261 2695 1414 2779; baseline 0.002 -19"><span class='ocrx_word' id='word_1_167' title='bbox 261 2717 278 2761; x_wconf 93' lang='lat' dir='ltr'>e</span> <span class='ocrx_word' id='word_1_168' title='bbox 299 2695 413 2779; x_wconf 90' lang='lat' dir='ltr'>quibus</span> <span class='ocrx_word' id='word_1_169' title='bbox 428 2695 747 2763; x_wconf 81' lang='lat' dir='ltr'>HermFritaschius</span> <span class='ocrx_word' id='word_1_170' title='bbox 769 2699 866 2763; x_wconf 90' lang='lat' dir='ltr'>etiam</span> <span class='ocrx_word' id='word_1_171' title='bbox 887 2696 1105 2762; x_wconf 88' lang='lat' dir='ltr'>similitudines</span> <span class='ocrx_word' id='word_1_172' title='bbox 1126 2698 1210 2763; x_wconf 89' lang='lat' dir='ltr'>inter</span> <span class='ocrx_word' id='word_1_173' title='bbox 1220 2696 1414 2776; x_wconf 90' lang='lat' dir='ltr'>Varronem,</span> 
     </span>
     <span class='ocr_line' id='line_1_24' title="bbox 260 2803 1413 2889; baseline 0.002 -20"><span class='ocrx_word' id='word_1_174' title='bbox 260 2805 336 2870; x_wconf 92' lang='lat' dir='ltr'>item</span> <span class='ocrx_word' id='word_1_175' title='bbox 368 2803 510 2888; x_wconf 91' lang='lat' dir='ltr'>Menippi</span> <span class='ocrx_word' id='word_1_176' title='bbox 540 2806 750 2887; x_wconf 90' lang='lat' dir='ltr'>imitatorem,</span> <span class='ocrx_word' id='word_1_177' title='bbox 788 2813 821 2871; x_wconf 89' lang='lat' dir='ltr'>et</span> <span class='ocrx_word' id='word_1_178' title='bbox 852 2805 1028 2871; x_wconf 90' lang='lat' dir='ltr'>Horatium</span> <span class='ocrx_word' id='word_1_179' title='bbox 1058 2807 1247 2889; x_wconf 86' lang='lat' dir='ltr'>investigare</span> <span class='ocrx_word' id='word_1_180' title='bbox 1280 2805 1413 2871; x_wconf 91' lang='lat' dir='ltr'>studuit.</span> 
     </span>
     <span class='ocr_line' id='line_1_25' title="bbox 263 2911 1418 2997; baseline 0.002 -21"><span class='ocrx_word' id='word_1_181' title='bbox 263 2911 382 2995; x_wconf 91' lang='lat' dir='ltr'>Itaque</span> <span class='ocrx_word' id='word_1_182' title='bbox 404 2912 481 2977; x_wconf 90' lang='lat' dir='ltr'>satis</span> <span class='ocrx_word' id='word_1_183' title='bbox 503 2933 634 2996; x_wconf 83' lang='lat' dir='ltr'>gravem</span> <span class='ocrx_word' id='word_1_184' title='bbox 656 2934 786 2979; x_wconf 89' lang='lat' dir='ltr'>causam</span> <span class='ocrx_word' id='word_1_185' title='bbox 800 2935 852 2978; x_wconf 92' lang='lat' dir='ltr'>me</span> <span class='ocrx_word' id='word_1_186' title='bbox 872 2911 992 2978; x_wconf 90' lang='lat' dir='ltr'>habere</span> <span class='ocrx_word' id='word_1_187' title='bbox 1013 2919 1102 2997; x_wconf 90' lang='lat' dir='ltr'>puto,</span> <span class='ocrx_word' id='word_1_188' title='bbox 1124 2932 1180 2977; x_wconf 89' lang='lat' dir='ltr'>cur</span> <span class='ocrx_word' id='word_1_189' title='bbox 1196 2911 1418 2978; x_wconf 89' lang='lat' dir='ltr'>similitudines</span> 
     </span>
     <span class='ocr_line' id='line_1_26' title="bbox 261 3017 1417 3102; baseline 0.001 -19"><span class='ocrx_word' id='word_1_190' title='bbox 261 3017 302 3083; x_wconf 95' lang='lat' dir='ltr'>ab</span> <span class='ocrx_word' id='word_1_191' title='bbox 323 3019 384 3084; x_wconf 90' lang='lat' dir='ltr'>illis</span> <span class='ocrx_word' id='word_1_192' title='bbox 407 3018 577 3102; x_wconf 92' lang='lat' dir='ltr'>indagatas</span> <span class='ocrx_word' id='word_1_193' title='bbox 599 3019 694 3085; x_wconf 93' lang='lat' dir='ltr'>modo</span> <span class='ocrx_word' id='word_1_194' title='bbox 715 3021 750 3085; x_wconf 92' lang='lat' dir='ltr'>in</span> <span class='ocrx_word' id='word_1_195' title='bbox 772 3041 905 3087; x_wconf 87' lang='lat' dir='ltr'>examen</span> <span class='ocrx_word' id='word_1_196' title='bbox 928 3041 1046 3087; x_wconf 88' lang='lat' dir='ltr'>vocem.</span> <span class='ocrx_word' id='word_1_197' title='bbox 1078 3019 1157 3085; x_wconf 91' lang='lat' dir='ltr'>Jam</span> <span class='ocrx_word' id='word_1_198' title='bbox 1172 3025 1278 3086; x_wconf 90' lang='lat' dir='ltr'>autem</span> <span class='ocrx_word' id='word_1_199' title='bbox 1292 3020 1417 3085; x_wconf 86' lang='lat' dir='ltr'>exsistit</span> 
     </span>
     <span class='ocr_line' id='line_1_27' title="bbox 262 3128 1416 3213; baseline 0.001 -20"><span class='ocrx_word' id='word_1_200' title='bbox 262 3129 418 3211; x_wconf 90' lang='lat' dir='ltr'>quaestio,</span> <span class='ocrx_word' id='word_1_201' title='bbox 450 3129 609 3211; x_wconf 90' lang='lat' dir='ltr'>quomodo</span> <span class='ocrx_word' id='word_1_202' title='bbox 632 3150 686 3194; x_wconf 88' lang='lat' dir='ltr'>aas</span> <span class='ocrx_word' id='word_1_203' title='bbox 709 3128 940 3210; x_wconf 87' lang='lat' dir='ltr'>similitudines,</span> <span class='ocrx_word' id='word_1_204' title='bbox 971 3149 1054 3212; x_wconf 91' lang='lat' dir='ltr'>quae</span> <span class='ocrx_word' id='word_1_205' title='bbox 1080 3129 1208 3213; x_wconf 89' lang='lat' dir='ltr'>quidem</span> <span class='ocrx_word' id='word_1_206' title='bbox 1235 3129 1298 3194; x_wconf 88' lang='lat' dir='ltr'>sint</span> <span class='ocrx_word' id='word_1_207' title='bbox 1319 3129 1416 3213; x_wconf 91' lang='lat' dir='ltr'>paulo</span> 
     </span>
     <span class='ocr_line' id='line_1_28' title="bbox 261 3236 1416 3321; baseline 0.002 -20"><span class='ocrx_word' id='word_1_208' title='bbox 261 3237 432 3319; x_wconf 84' lang='lat' dir='ltr'>graviores,</span> <span class='ocrx_word' id='word_1_209' title='bbox 454 3241 541 3301; x_wconf 90' lang='lat' dir='ltr'>ortas</span> <span class='ocrx_word' id='word_1_210' title='bbox 563 3257 631 3302; x_wconf 90' lang='lat' dir='ltr'>esse</span> <span class='ocrx_word' id='word_1_211' title='bbox 651 3236 861 3320; x_wconf 88' lang='lat' dir='ltr'>judicandum</span> <span class='ocrx_word' id='word_1_212' title='bbox 886 3237 935 3303; x_wconf 89' lang='lat' dir='ltr'>sit.</span> <span class='ocrx_word' id='word_1_213' title='bbox 979 3236 1089 3321; x_wconf 89' lang='lat' dir='ltr'>Atque</span> <span class='ocrx_word' id='word_1_214' title='bbox 1108 3236 1296 3302; x_wconf 71' lang='lat' dir='ltr'>Theodorus</span> <span class='ocrx_word' id='word_1_215' title='bbox 1313 3237 1416 3303; x_wconf 83' lang='lat' dir='ltr'>Fritn·</span> 
     </span>
     <span class='ocr_line' id='line_1_29' title="bbox 261 3342 1415 3431; baseline 0.002 -23"><span class='ocrx_word' id='word_1_216' title='bbox 261 3344 376 3424; x_wconf 91' lang='lat' dir='ltr'>schius,</span> <span class='ocrx_word' id='word_1_217' title='bbox 397 3343 585 3410; x_wconf 89' lang='lat' dir='ltr'>Hermanno</span> <span class='ocrx_word' id='word_1_218' title='bbox 600 3343 779 3411; x_wconf 84' lang='lat' dir='ltr'>Fritzschio</span> <span class='ocrx_word' id='word_1_219' title='bbox 801 3350 834 3410; x_wconf 92' lang='lat' dir='ltr'>et</span> <span class='ocrx_word' id='word_1_220' title='bbox 847 3343 989 3431; x_wconf 84' lang='lat' dir='ltr'>Martino</span> <span class='ocrx_word' id='word_1_221' title='bbox 1004 3342 1138 3408; x_wconf 84' lang='lat' dir='ltr'>Hertaio</span> <span class='ocrx_word' id='word_1_222' title='bbox 1160 3342 1415 3425; x_wconf 90' lang='lat' dir='ltr'>assentientibus,</span> 
     </span>
     <span class='ocr_line' id='line_1_30' title="bbox 260 3451 1416 3536; baseline 0 -19"><span class='ocrx_word' id='word_1_223' title='bbox 260 3453 334 3519; x_wconf 92' lang='lat' dir='ltr'>inde</span> <span class='ocrx_word' id='word_1_224' title='bbox 356 3474 412 3519; x_wconf 90' lang='lat' dir='ltr'>eas</span> <span class='ocrx_word' id='word_1_225' title='bbox 434 3458 522 3517; x_wconf 87' lang='lat' dir='ltr'>ortas</span> <span class='ocrx_word' id='word_1_226' title='bbox 545 3473 612 3518; x_wconf 90' lang='lat' dir='ltr'>esse</span> <span class='ocrx_word' id='word_1_227' title='bbox 634 3458 750 3532; x_wconf 90' lang='lat' dir='ltr'>censet,</span> <span class='ocrx_word' id='word_1_228' title='bbox 774 3452 860 3536; x_wconf 89' lang='lat' dir='ltr'>quod</span> <span class='ocrx_word' id='word_1_229' title='bbox 880 3451 1037 3516; x_wconf 91' lang='lat' dir='ltr'>Horatius</span> <span class='ocrx_word' id='word_1_230' title='bbox 1059 3456 1090 3515; x_wconf 91' lang='lat' dir='ltr'>et</span> <span class='ocrx_word' id='word_1_231' title='bbox 1104 3451 1265 3517; x_wconf 83' lang='lat' dir='ltr'>Lucienus</span> <span class='ocrx_word' id='word_1_232' title='bbox 1288 3473 1328 3517; x_wconf 88' lang='lat' dir='ltr'>ex</span> <span class='ocrx_word' id='word_1_233' title='bbox 1349 3451 1416 3517; x_wconf 93' lang='lat' dir='ltr'>Me·</span> 
     </span>
     <span class='ocr_line' id='line_1_31' title="bbox 262 3559 1416 3647; baseline -0.002 -19"><span class='ocrx_word' id='word_1_234' title='bbox 262 3564 350 3647; x_wconf 92' lang='lat' dir='ltr'>nippi</span> <span class='ocrx_word' id='word_1_235' title='bbox 370 3561 459 3627; x_wconf 91' lang='lat' dir='ltr'>libris</span> <span class='ocrx_word' id='word_1_236' title='bbox 480 3567 642 3645; x_wconf 89' lang='lat' dir='ltr'>tamquam</span> <span class='ocrx_word' id='word_1_237' title='bbox 666 3563 825 3627; x_wconf 91' lang='lat' dir='ltr'>communi</span> <span class='ocrx_word' id='word_1_238' title='bbox 847 3560 935 3626; x_wconf 85' lang='lat' dir='ltr'>fonte</span> <span class='ocrx_word' id='word_1_239' title='bbox 956 3559 1131 3640; x_wconf 85' lang='lat' dir='ltr'>haurirent,</span> <span class='ocrx_word' id='word_1_240' title='bbox 1163 3560 1197 3624; x_wconf 94' lang='lat' dir='ltr'>id</span> <span class='ocrx_word' id='word_1_241' title='bbox 1223 3560 1309 3642; x_wconf 89' lang='lat' dir='ltr'>quod</span> <span class='ocrx_word' id='word_1_242' title='bbox 1330 3561 1416 3626; x_wconf 91' lang='lat' dir='ltr'>Her-</span> 
     </span>
     <span class='ocr_line' id='line_1_32' title="bbox 263 3665 1416 3751; baseline 0.002 -16"><span class='ocrx_word' id='word_1_243' title='bbox 263 3692 397 3735; x_wconf 89' lang='lat' dir='ltr'>mannus</span> <span class='ocrx_word' id='word_1_244' title='bbox 417 3669 612 3735; x_wconf 82' lang='lat' dir='ltr'>Fritzscbius</span> <span class='ocrx_word' id='word_1_245' title='bbox 640 3671 734 3734; x_wconf 88' lang='lat' dir='ltr'>etiam</span> <span class='ocrx_word' id='word_1_246' title='bbox 762 3669 802 3734; x_wconf 92' lang='lat' dir='ltr'>de</span> <span class='ocrx_word' id='word_1_247' title='bbox 830 3665 1095 3748; x_wconf 88' lang='lat' dir='ltr'>similitudinibus,</span> <span class='ocrx_word' id='word_1_248' title='bbox 1129 3688 1211 3751; x_wconf 91' lang='lat' dir='ltr'>quae</span> <span class='ocrx_word' id='word_1_249' title='bbox 1242 3670 1305 3734; x_wconf 89' lang='lat' dir='ltr'>sint</span> <span class='ocrx_word' id='word_1_250' title='bbox 1333 3671 1416 3737; x_wconf 88' lang='lat' dir='ltr'>inter</span> 
     </span>
     <span class='ocr_line' id='line_1_33' title="bbox 264 3774 1416 3860; baseline 0 -16"><span class='ocrx_word' id='word_1_251' title='bbox 264 3777 443 3844; x_wconf 85' lang='lat' dir='ltr'>Varronem</span> <span class='ocrx_word' id='word_1_252' title='bbox 471 3784 503 3845; x_wconf 89' lang='lat' dir='ltr'>et</span> <span class='ocrx_word' id='word_1_253' title='bbox 524 3777 707 3856; x_wconf 90' lang='lat' dir='ltr'>Horatium,</span> <span class='ocrx_word' id='word_1_254' title='bbox 737 3777 878 3860; x_wconf 83' lang='lat' dir='ltr'>intellegi</span> <span class='ocrx_word' id='word_1_255' title='bbox 908 3774 984 3856; x_wconf 90' lang='lat' dir='ltr'>vult,</span> <span class='ocrx_word' id='word_1_256' title='bbox 1014 3781 1126 3841; x_wconf 75' lang='lat' dir='ltr'>contm</span> <span class='ocrx_word' id='word_1_257' title='bbox 1147 3774 1189 3840; x_wconf 87' lang='lat' dir='ltr'>A.</span> <span class='ocrx_word' id='word_1_258' title='bbox 1210 3775 1416 3844; x_wconf 89' lang='lat' dir='ltr'>Heinricbius</span> 
     </span>
     <span class='ocr_line' id='line_1_34' title="bbox 260 3882 1416 3966; baseline 0.003 -18"><span class='ocrx_word' id='word_1_259' title='bbox 260 3885 343 3965; x_wconf 90' lang='lat' dir='ltr'>inda,</span> <span class='ocrx_word' id='word_1_260' title='bbox 368 3885 453 3966; x_wconf 90' lang='lat' dir='ltr'>quod</span> <span class='ocrx_word' id='word_1_261' title='bbox 469 3887 633 3955; x_wconf 83' lang='lat' dir='ltr'>Lueianns</span> <span class='ocrx_word' id='word_1_262' title='bbox 654 3887 799 3957; x_wconf 86' lang='lat' dir='ltr'>hauriret</span> <span class='ocrx_word' id='word_1_263' title='bbox 814 3906 852 3950; x_wconf 90' lang='lat' dir='ltr'>ex</span> <span class='ocrx_word' id='word_1_264' title='bbox 867 3883 986 3948; x_wconf 89' lang='lat' dir='ltr'>Horati</span> <span class='ocrx_word' id='word_1_265' title='bbox 1007 3885 1133 3948; x_wconf 89' lang='lat' dir='ltr'>saturis.</span> <span class='ocrx_word' id='word_1_266' title='bbox 1178 3882 1298 3951; x_wconf 77' lang='lat' dir='ltr'>Theod.</span> <span class='ocrx_word' id='word_1_267' title='bbox 1312 3885 1416 3951; x_wconf 82' lang='lat' dir='ltr'>Fritz-</span> 
     </span>
     <span class='ocr_line' id='line_1_35' title="bbox 259 3978 1414 4101; baseline 0.007 -49"><span class='ocrx_word' id='word_1_268' title='bbox 259 3990 364 4055; x_wconf 86' lang='lat' dir='ltr'>schius</span> <span class='ocrx_word' id='word_1_269' title='bbox 378 3978 681 4101; x_wconf 44' lang='lat' dir='ltr'>sentendaffisuam</span> <span class='ocrx_word' id='word_1_270' title='bbox 696 3993 874 4074; x_wconf 89' lang='lat' dir='ltr'>confirmat,</span> <span class='ocrx_word' id='word_1_271' title='bbox 898 4012 970 4056; x_wconf 89' lang='lat' dir='ltr'>cnm</span> <span class='ocrx_word' id='word_1_272' title='bbox 992 4012 1059 4075; x_wconf 90' lang='lat' dir='ltr'>‚pro</span> <span class='ocrx_word' id='word_1_273' title='bbox 1073 3990 1152 4075; x_wconf 90' lang='lat' dir='ltr'>laps.</span> <span class='ocrx_word' id='word_1_274' title='bbox 1168 3992 1201 4056; x_wconf 91' lang='lat' dir='ltr'>in</span> <span class='ocrx_word' id='word_1_275' title='bbox 1217 3991 1316 4056; x_wconf 86' lang='lat' dir='ltr'>salut‘</span> <span class='ocrx_word' id='word_1_276' title='bbox 1332 4014 1357 4060; x_wconf 89' lang='lat' dir='ltr'>e.</span> <span class='ocrx_word' id='word_1_277' title='bbox 1375 3998 1414 4060; x_wconf 89' lang='lat'>13</span> 
     </span>
     <span class='ocr_line' id='line_1_36' title="bbox 256 4089 1416 4191; baseline 0.003 -29"><span class='ocrx_word' id='word_1_278' title='bbox 256 4089 422 4172; x_wconf 73' lang='grc' dir='ltr'>,ἀλλὰκαὶ</span> <span class='ocrx_word' id='word_1_279' title='bbox 445 4095 536 4189; x_wconf 73' lang='grc' dir='ltr'><strong><em>ὑμεῖς</em></strong></span> <span class='ocrx_word' id='word_1_280' title='bbox 558 4097 663 4191; x_wconf 54' lang='lat' dir='ltr'>crisci,</span> <span class='ocrx_word' id='word_1_281' title='bbox 687 4101 768 4168; x_wconf 78' lang='grc' dir='ltr'><em>εἴτι</em></span> <span class='ocrx_word' id='word_1_282' title='bbox 790 4096 881 4186; x_wconf 73' lang='grc' dir='ltr'>κάγώ</span> <span class='ocrx_word' id='word_1_283' title='bbox 903 4104 960 4186; x_wconf 84' lang='grc' dir='ltr'>τῆς</span> <span class='ocrx_word' id='word_1_284' title='bbox 976 4095 1143 4184; x_wconf 69' lang='grc' dir='ltr'><em>Ῥωμαίων</em></span> <span class='ocrx_word' id='word_1_285' title='bbox 1166 4101 1279 4183; x_wconf 79' lang='grc' dir='ltr'><em>φωνῆς</em></span> <span class='ocrx_word' id='word_1_286' title='bbox 1301 4098 1416 4179; x_wconf 78' lang='grc' dir='ltr'><em>ἐπαΐω,</em></span> 
     </span>
     <span class='ocr_line' id='line_1_37' title="bbox 255 4194 1416 4355; baseline 0.007 -89"><span class='ocrx_word' id='word_1_287' title='bbox 255 4196 333 4280; x_wconf 78' lang='grc' dir='ltr'><em>τοὺς</em></span> <span class='ocrx_word' id='word_1_288' title='bbox 351 4194 659 4355; x_wconf 56' lang='lat' dir='ltr'>apogcyopadov&#39;qag</span> <span class='ocrx_word' id='word_1_289' title='bbox 681 4203 960 4294; x_wconf 75' lang='grc' dir='ltr'><em>ἀντιδεξιούμενοι</em></span> <span class='ocrx_word' id='word_1_290' title='bbox 985 4211 1034 4294; x_wconf 72' lang='lat' dir='ltr'>aqi</span> <span class='ocrx_word' id='word_1_291' title='bbox 1054 4209 1111 4293; x_wconf 85' lang='grc' dir='ltr'>τῆς</span> <span class='ocrx_word' id='word_1_292' title='bbox 1135 4201 1256 4292; x_wconf 73' lang='grc' dir='ltr'><em>ὑγιείας</em></span> <span class='ocrx_word' id='word_1_293' title='bbox 1277 4200 1416 4293; x_wconf 81' lang='grc' dir='ltr'><em>ὀνόματι</em></span> 
     </span>
     <span class='ocr_line' id='line_1_38' title="bbox 255 4305 1416 4407; baseline 0.009 -33"><span class='ocrx_word' id='word_1_294' title='bbox 255 4305 412 4393; x_wconf 73' lang='grc' dir='ltr'><em>πολλάκις</em></span> <span class='ocrx_word' id='word_1_295' title='bbox 431 4313 629 4407; x_wconf 41' lang='grc' dir='ltr'><em>ἄμείβεοθεὴ,</em></span> <span class='ocrx_word' id='word_1_296' title='bbox 651 4315 774 4400; x_wconf 85' lang='lat' dir='ltr'>afferat,</span> <span class='ocrx_word' id='word_1_297' title='bbox 805 4317 860 4383; x_wconf 91' lang='lat' dir='ltr'>nbi</span> <span class='ocrx_word' id='word_1_298' title='bbox 881 4316 1060 4383; x_wconf 84' lang='lat' dir='ltr'>Lucienum</span> <span class='ocrx_word' id='word_1_299' title='bbox 1090 4316 1194 4400; x_wconf 91' lang='lat' dir='ltr'>ipsum</span> <span class='ocrx_word' id='word_1_300' title='bbox 1223 4336 1256 4383; x_wconf 91' lang='lat' dir='ltr'>se</span> <span class='ocrx_word' id='word_1_301' title='bbox 1286 4316 1416 4402; x_wconf 83' lang='lat' dir='ltr'>linguae</span> 
     </span>
    </p>
   </div>
   <div class='ocr_carea' id='block_1_3' title="bbox 0 0 1568 4838">
    <p class='ocr_par' dir='ltr' id='par_1_5' title="bbox 0 0 1568 4838">
     <span class='ocr_line' id='line_1_39' title="bbox 0 0 1568 4838; baseline 0 0"><span class='ocrx_word' id='word_1_302' title='bbox 0 0 1568 4838; x_wconf 95' lang='lat' dir='ltr'> </span> 
     </span>
    </p>
   </div>
  </div>
 </body>
</html>
