3120 4838
153 440 408 514 ’Commodus
437 457 476 513 et
504 442 663 537 patiens,
692 466 763 513 non
789 458 828 514 ut
855 442 904 515 de
932 440 1026 514 sede
1054 438 1220 513 secunda

152 568 345 642 ›Cederet
372 585 435 641 aut
462 585 594 664 quarta
621 568 817 641 socialiter.
849 568 906 639 hic
933 568 1032 640 etin
1061 567 1153 640 Acci

152 694 373 769 »Nobilibus
401 697 572 769 trimetris
600 713 757 792 apparet
783 721 895 773 rarus,
923 714 962 767 et
988 697 1080 768 Enni

153 824 216 895 »In
247 850 420 898 scaenam
448 826 586 897 missos
613 848 750 921 magno
780 847 861 895 cunr
890 823 1061 917 pondere
1089 850 1218 896 versus

153 952 255 1024 »Aut
284 978 424 1048 operae
451 953 583 1025 celeris
612 953 757 1024 nimium
785 976 946 1045 curaque
977 953 1137 1024 carentis

154 1080 258 1152 ›Aut
285 1080 480 1175 ignoratae
509 1081 642 1177 premit
671 1079 757 1152 artis
785 1079 930 1151 crimine
959 1087 1088 1175 turpi«

203 1228 477 1302 Sententiarum
513 1255 627 1301 nexus
659 1230 714 1300 hic
746 1246 824 1300 est:
861 1228 1037 1333 Horatius
1067 1253 1148 1300 cum
1175 1227 1208 1299 in
1251 1241 1398 1299 antece-

93 1353 270 1427 dentibus
297 1358 462 1429 versibus
490 1356 538 1427 dc
559 1356 766 1428 elocutione
786 1356 821 1426 in
843 1353 972 1428 labulis
993 1357 1159 1450 satyricis
1180 1356 1394 1428 adhibenda

98 1484 229 1579 egerit,
261 1484 295 1555 in
323 1511 383 1557 vv.
420 1506 487 1576 251
523 1510 605 1580 sqq.
633 1484 750 1555 docet
778 1482 829 1553 rei
857 1483 1031 1556 metricae
1062 1484 1230 1557 eximiam
1257 1485 1394 1557 haben-

100 1611 183 1682 dam
225 1636 326 1693 esse,
371 1612 482 1684 etiam
526 1611 556 1682 si
596 1612 761 1706 plerique
805 1610 957 1681 metrica
998 1613 1083 1685 vitia
1124 1638 1196 1685 non
1237 1612 1396 1685 sentiant

97 1736 160 1839 (cs.
202 1764 263 1811 vu.
311 1745 384 1831 263
427 1743 526 1835 sqq).
598 1738 711 1832 Quod
759 1762 833 1833 quo
876 1740 993 1835 magis
1034 1741 1268 1836 perspicuum
1310 1739 1385 1829 fiat,

95 1892 157 1941 vv.
192 1872 399 1959 251—262
438 1866 596 1962 exempli
632 1868 751 1961 gratia
787 1867 987 1938 trimetrum
1019 1865 1212 1938 iambicum
1240 1892 1262 1936 a
1288 1880 1392 1937 vete-

95 1995 193 2068 ribus
222 1994 346 2089 poetis
377 1995 513 2067 Latinis
542 2021 670 2090 parum
701 1992 896 2088 diligenter
931 1993 1127 2088 expolitum
1166 1994 1286 2077 affert,
1319 1993 1394 2066 hoc

94 2122 223 2195 ordine
265 2148 374 2195 usus:
420 2123 587 2218 »jambus
617 2149 638 2195 e
667 2122 772 2194 brevi
814 2138 852 2193 et
888 2120 1000 2219 longa
1034 2119 1177 2216 syllaba
1218 2136 1394 2193 constans

93 2276 175 2322 cum
207 2251 300 2322 citus
329 2276 399 2345 pes
420 2269 531 2335 esset,
561 2252 695 2323 factum
724 2267 789 2334 est,
818 2266 858 2322 ut
884 2251 962 2322 seni
982 2248 1102 2343 pedes
1131 2273 1200 2343 per
1219 2246 1393 2343 dipodias

95 2377 293 2472 compositi
329 2378 494 2451 trimeter
526 2396 755 2452 vocarentur.
820 2377 1035 2473 Aequabilis
1073 2376 1270 2448 decurrens
1307 2372 1393 2449 olim

95 2518 163 2600 tsc.
199 2506 300 2601 apud
330 2506 521 2609 Graecos)
559 2531 634 2579 non
661 2508 729 2585 ita.
769 2522 807 2577 ut
842 2506 982 2578 tardior
1014 2504 1236 2601 graviorque
1273 2502 1392 2592 fieret,

94 2634 289 2729 spondeos
317 2634 351 2705 in
379 2634 547 2729 proprias
567 2659 654 2707 suas
681 2634 794 2705 sedes
815 2644 882 2733 (sc.
902 2637 1026 2729 pares)
1047 2631 1201 2715 admisit,
1229 2655 1304 2704 non
1331 2631 1391 2715 ita,

92 2780 131 2833 ut
160 2762 209 2833 de
240 2760 334 2833 sede
365 2761 528 2832 secunda
555 2760 612 2833 vel
642 2777 772 2855 quarta
791 2761 954 2836 cederet.
999 2760 1068 2832 Hic
1097 2756 1166 2860 (sc.
1194 2759 1234 2843 is,
1262 2759 1324 2854 qui
1352 2759 1389 2831 in

90 2889 208 2961 sedes
238 2913 348 2982 pares
374 2888 582 2983 spondeum
613 2889 760 2984 recipit;
791 2913 875 2961 nam
894 2889 1068 2961 Horatius
1097 2902 1177 2959 toto
1205 2888 1276 2959 hoc
1305 2884 1390 2959 loco

90 3017 253 3105 iambum
282 3016 387 3111 quasi
414 3040 614 3111 personam
642 3014 806 3117 exhibet)
843 3017 942 3111 apud
971 3015 1121 3087 Accium
1150 3039 1233 3086 raro
1259 3015 1391 3087 inveni-

90 3162 168 3239 tur3
207 3146 306 3239 apud
332 3143 484 3217 Ennium
522 3169 605 3217 cum
642 3145 791 3240 saepius
818 3159 998 3231 occurrat,
1036 3159 1098 3215 aut
1126 3141 1391 3240 neglegentiae

90 3290 156 3345 aut
192 3272 423 3366 ignorantiae
462 3273 599 3345 crimen
635 3273 670 3344 ei
702 3288 865 3345 movet«
921 3270 998 3365 jam
1034 3271 1153 3342 omnia
1182 3270 1320 3365 optime
1349 3296 1391 3343 se

90 3400 242 3472 habent.
298 3399 433 3495 Neque
453 3399 710 3472 Archilochum
739 3400 898 3472 carmina
927 3400 1068 3495 epuris
1096 3395 1223 3470 iambis
1245 3397 1391 3468 consor-

91 3553 220 3600 masse
249 3550 378 3599 contra
405 3528 528 3601 omnia
562 3545 730 3600 veterum
766 3527 975 3600 testimonia
1002 3543 1041 3599 et
1075 3525 1281 3622 fragmenta
1315 3550 1389 3596 ser-

93 3673 186 3729 vata
215 3673 379 3729 statuere
410 3682 531 3753 neque
563 3656 718 3727 Horatio
748 3670 886 3727 tantam
914 3653 1087 3749 ineptiam
1114 3651 1294 3747 imputare
1330 3677 1390 3724 ne-

93 3808 203 3856 cesse
233 3800 302 3872 est,
332 3801 371 3856 ut
399 3810 481 3857 eum
514 3808 662 3856 omnem
694 3783 845 3855 trimetri
879 3781 1020 3855 iambici
1052 3782 1128 3853 vim
1156 3796 1195 3852 et
1223 3793 1391 3851 naturam

93 3912 293 4009 ignorasse
322 3913 582 3986 existimemus.
640 3912 734 3985 Nam
761 3911 883 3984 verbis
916 3910 1074 4006 »primus
1108 3906 1156 3977 ad
1189 3923 1391 3978 extremum

93 4038 220 4113 similis
254 4041 344 4113 sibit
384 4039 467 4114 nihil
503 4040 741 4135 significavit,
776 4063 884 4133 quam
920 4039 1013 4110 hanc
1038 4033 1188 4108 trimetri
1216 4032 1391 4105 sormam:

92 4170 749 4281 5—1·—{?-·v-t}“-1·35a
791 4164 945 4240 Graecis
986 4164 1021 4237 in
1061 4186 1165 4235 usum
1205 4176 1392 4250 vocatam,

95 4332 153 4405 cui
183 4331 382 4428 opponitur
407 4333 519 4404 haec:
549 4332 575 4408 i?
592 4378 640 4387 -
656 4332 681 4407 'v'
697 4332 783 4408 -314
800 4374 848 4383 —
865 4330 890 4406 'v'
906 4372 956 4382 -
972 4329 992 4405 i·
1012 4372 1061 4379 -
1077 4353 1099 4395 r·
1131 4364 1175 4439 ss,
1203 4349 1313 4420 quam
1332 4350 1392 4397 ve-

92 4513 197 4569 teres
248 4515 387 4588 poetae
431 4495 550 4567 Latini
593 4495 867 4566 adamaveram.
935 4491 983 4561 Et
1032 4490 1203 4585 prolecto
1250 4487 1393 4557 iambus

1186 4626 1203 4676 2
