3120 4838
499 169 714 233 -22d

17 341 177 409 videmus:
210 351 389 429 usurpatur
422 347 506 409 enim
537 349 747 428 praepositio
781 349 808 410 si
839 348 902 412 loci
932 348 1016 412 ratio
1042 355 1189 413 servatur

19 435 224 516 dilucideque
249 434 465 516 significatum
491 436 546 498 sed
570 436 754 517 praefertur
778 436 918 516 dativus,
945 439 971 500 si
988 439 1082 500 modo
1096 461 1190 520 ,quae
1245 490 1246 493 ,

19 525 106 588 ratio
137 525 223 587 inter
254 525 337 587 duas
367 546 522 606 personas
555 525 620 586 sire
651 546 701 587 res
730 525 859 588 incedat
887 526 937 588 vel
962 526 1040 607 quid
1064 528 1193 589 omnino

19 614 108 677 verbi
131 614 252 676 actioni
275 614 480 695 propositum
504 614 556 675 011ζ
581 620 723 676 notatur.
771 614 890 698 (Kell.)

107 701 162 767 Sic
189 703 223 766 in
250 702 356 765 verbis
388 702 500 780 ,demo
532 703 652 780 eximo,
678 701 800 782 adimo,
827 703 947 783 desum,
974 704 1086 786 eripio‘
1111 703 1194 768 duae

19 792 95 855 illae
123 791 366 873 compositionis
395 797 504 873 partes
528 791 596 873 jam
616 791 736 872 priscis
761 792 961 874 temporibus
986 814 1048 856 non
1072 794 1120 856 ita
1144 793 1189 855 di-

19 883 159 944 stinctae
190 902 228 943 ac
256 885 427 962 separatae
465 885 571 958 erant,
609 887 646 942 ut
679 880 720 942 ad
756 882 1018 944 commutandam
1048 888 1193 944 constru-

18 971 156 1033 ctionem
173 968 297 1051 aliquid
315 967 431 1031 afferre
449 964 589 1050 possent,
615 976 651 1032 ut
667 970 776 1050 potius
794 970 894 1033 totius
908 970 1077 1052 compositi
1097 972 1193 1051 signi-

19 1059 129 1122 ficatio
153 1079 217 1121 non
241 1058 337 1120 aliter
355 1057 529 1119 sentiretur
545 1063 644 1138 atque
661 1059 688 1120 si
706 1060 903 1122 contrarium
921 1066 1004 1122 esset
1021 1059 1192 1121 verborum

20 1148 118 1228 ,dara
137 1146 265 1225 addere,
286 1145 423 1224 indere,
441 1167 524 1226 quae
541 1146 638 1208 verba
655 1148 711 1228 11111
728 1149 876 1229 sequitur
893 1149 1023 1211 dativus
1037 1169 1194 1229 quemque

18 1237 106 1300 haud
135 1238 243 1318 inepte
278 1234 429 1316 Ignatius
458 1234 616 1312 ,dativum
645 1237 814 1299 0001010111ί
850 1237 995 1319 appellat
1023 1239 1121 1299 etiam
1153 1236 1194 1298 ad

20 1348 67 1408 ea,
98 1326 137 1388 de
165 1324 285 1407 quibus
314 1323 367 1385 hic
396 1323 515 1405 agitur,
546 1326 727 1405 composita
754 1326 1021 1405 transferebatur,
1055 1326 1110 1388 sed
1135 1326 1191 1404 ita,

21 1423 58 1478 ut
81 1436 144 1478 000
166 1415 233 1496 jam
258 1412 387 1475 dativus
410 1412 577 1492 commodi,
592 1412 655 1495 ⁴jed
669 1415 861 1477 incommodi
878 1420 968 1492 esset,
995 1416 1125 1477 notione
1146 1416 1194 1477 ita

22 1503 230 1586 amplificata,
256 1507 293 1564 ut
316 1522 379 1563 non
402 1501 497 1564 modo
522 1501 562 1564 de
585 1504 731 1584 personis
749 1503 923 1583 diceretur,
961 1503 1016 1579 sed
1041 1504 1137 1566 etiam
1155 1502 1195 1565 de

21 1593 127 1672 rebus,
142 1590 259 1673 quibus
271 1589 448 1671 ,demendo
467 1590 631 1671 eripiendo
645 1591 771 1673 aliquid
786 1614 849 1655 non
862 1598 955 1655 esset‘
968 1598 1193 1673 usurparetur.

113 1681 167 1745 Ex
202 1679 253 1742 his
289 1700 373 1760 quae
406 1679 474 1741 dixi
505 1686 643 1761 apparet
665 1679 848 1744 Horatium
879 1703 975 1763 quem
1001 1680 1194 1762 praesertim

20 1776 89 1834 toto
112 1770 175 1833 1100
197 1769 302 1851 11111110
327 1769 607 1831 commentationis
632 1770 736 1851 capite
760 1771 867 1833 omnia
891 1770 932 1832 ad
957 1775 1078 1832 certam
1095 1789 1193 1848 quan-

20 1860 94 1922 dam
122 1858 270 1940 regulam
294 1856 449 1919 direxisse
474 1863 505 1919 01
528 1857 702 1935 locutionis
725 1858 817 1921 illam
842 1859 1019 1937 licentiam,
1046 1879 1111 1939 qua
1135 1856 1193 1919 alii

19 1949 194 2029 scriptores
226 1947 313 2026 iique
341 1944 512 2027 diligentes
541 1947 592 2008 usi
624 1952 727 2027 erant,
757 1947 995 2029 quodammodo
1019 1946 1194 2009 resecuisse

22 2043 177 2118 certaque
206 2036 277 2117 lege
307 2035 486 2097 coercuisse
517 2035 684 2098 videamus
715 2037 748 2099 in
776 2037 827 2099 his
858 2036 965 2100 verbis
994 2035 1098 2098 faeere
1129 2055 1192 2097 non

19 2127 164 2208 potuisse
198 2125 277 2206 quin
311 2145 351 2185 00
385 2123 455 2205 ispe
490 2123 616 2187 solutae
648 2126 805 2188 orationis
836 2124 923 2208 leges
954 2123 1194 2205 „infelicissime

20 2214 151 2277 audax“
176 2211 317 2296 (Quint.)
341 2211 530 2294 negligeret,
555 2215 827 2277 constructionem
852 2214 999 2278 omnibus
1023 2212 1194 2295 probatam

20 2325 58 2367 ac
81 2323 183 2386 paene
206 2301 322 2364 animis
346 2302 559 2364 inveteratam
583 2303 669 2366 ultro
694 2304 869 2386 acciperet:
894 2303 981 2385 quod
1003 2304 1036 2364 ni
1053 2301 1192 2378 fecisset,

18 2400 104 2455 00110
128 2412 211 2474 quae
235 2389 358 2453 alicubi
381 2391 580 2472 simpliciora
603 2392 757 2472 reddidit,
787 2393 849 2456 hoc
878 2393 947 2455 loco
972 2391 1064 2469 idem,
1090 2390 1194 2452 nimia

18 2481 239 2564 perpetuitate
264 2485 296 2542 et
319 2481 506 2542 constantia
530 2480 656 2561 ductus,
681 2482 777 2564 plane
801 2482 980 2545 delevisset.
1027 2536 1028 2540 ,

105 2570 156 2633 Α1
190 2569 275 2632 111010
310 2568 397 2650 quod
434 2569 540 2633 verbis
575 2570 721 2650 ,demere
759 2571 906 2649 eximere,
936 2568 1070 2649 eripere‘
1098 2567 1193 2630 semel

18 2660 273 2742 propositionem
297 2657 455 2739 adjunxit,
481 2680 501 2721 a
525 2680 559 2721 se
583 2660 652 2740 ipse
675 2681 739 2721 non
764 2659 914 2722 descivit:
941 2656 1126 2720 defenditur
1150 2695 1194 2701 —

17 2770 57 2812 00
87 2748 193 2811 dicam
221 2745 425 2809 desideratur
449 2785 488 2792 -
519 2748 718 2830 praepositio
742 2749 884 2830 propria,
911 2766 995 2829 quae
1018 2747 1102 2807 inest
1127 2745 1193 2807 illis

17 2837 108 2918 10010,
132 2838 164 2901 11
187 2841 286 2917 atque
308 2836 472 2922 natura.¹)

568 2982 640 3060 §e

107 3106 183 3170 Hac
211 3104 420 3187 paragrapho
449 3125 487 3167 ea
517 3103 616 3167 verba
641 3109 844 3167 tractaturus
869 3125 949 3182 sum,
976 3122 1058 3184 quae
1082 3121 1194 3182 quam·

20 3218 117 3279 quam
146 3195 336 3277 plerumque
359 3215 431 3256 cum
454 3193 599 3256 ablativo
624 3193 673 3256 vel
697 3194 881 3256 accusativo
906 3191 956 3254 vel
980 3211 1091 3273 praep.
1119 3209 1193 3250 eon-

20 3292 203 3362 struuntur,
236 3281 399 3345 interdum
429 3282 612 3364 genetivum
623 3279 648 3364 ²)
677 3282 864 3344 adsciscunt
893 3301 996 3362 eaque
1020 3300 1054 3342 re
1079 3277 1193 3340 omnia

19 3375 151 3456 linguae
173 3372 295 3434 latinae
319 3371 448 3433 vincula
471 3371 623 3453 legesque
647 3371 820 3453 aspernari·
838 3369 997 3432 videntur.

109 3459 182 3543 Quo
206 3460 241 3523 hi
264 3460 327 3523 loci
350 3459 528 3541 pertinent:

109 3550 247 3613 desine
270 3548 571 3611 mollium-tandem
595 3547 798 3630 querelarum
822 3545 915 3611 ΟΠ
939 3551 1003 3625 9173

109 3639 260 3702 laborum
283 3637 493 3719 decipitur
516 3635 555 3701 O.
580 3637 620 3700 H
646 3641 730 3715 13„;

109 3728 320 3791 abstineto
346 3775 351 3787 .
376 3775 382 3789 .
410 3780 415 3791 .
439 3727 563 3789 irarum
596 3726 784 3806 calidaeque
821 3725 910 3787 rixae
946 3722 985 3787 Ο.
1015 3722 1074 3787 ΠΙ
1102 3728 1189 3801 27111

20 3838 124 3900 neque
147 3817 201 3880 ille
226 3814 367 3898 Sepositi
391 3815 502 3878 ciceris
519 3836 576 3878 nec
590 3815 706 3896 longae
720 3812 878 3875 invidit
892 3833 1013 3876 avenae
1027 3811 1060 3878 S.
1076 3812 1114 3875 Π
1130 3817 1193 3890 6⁸43

112 4011 134 4079 ¹)
154 4009 240 4062 etiam
260 4008 338 4061 Caes.
360 4012 388 4061 et
402 4008 459 4062 Cic.
479 4007 623 4060 interdum
642 4025 740 4074 praep.
761 4006 817 4058 illis
837 4005 931 4058 verbis
951 4006 1107 4075 adjungere
1128 4006 1194 4057 satis

21 4082 111 4135 multa
135 4081 265 4147 exempla
289 4081 319 4131 in
343 4081 441 4132 lexicis
465 4080 585 4131 collecta
610 4079 727 4143 docent,
747 4082 897 4145 praeterea
923 4077 957 4131 ef.
979 4077 1076 4146 Draeg
1095 4077 1125 4128 Γ2
1144 4095 1191 4144 pg.

21 4158 71 4206 512
92 4171 111 4204 s.
132 4171 156 4204 v.
178 4152 297 4218 eripere.

111 4223 134 4292 2)
161 4223 195 4274 de
224 4222 314 4274 forma
357 4222 519 4274 ‹renetivus“
546 4223 607 4289 (pro
633 4219 788 4288 genitivus)
815 4219 849 4272 of.
876 4217 911 4273 A.
938 4218 1113 4272 Haustein
1144 4220 1194 4285 „de

21 4295 147 4364 genetivi
166 4293 315 4362 adjectivis
334 4262 511 4346 aidcomodati
531 4293 560 4344 in
579 4294 597 4345 l.
616 4291 634 4343 1.
656 4296 732 4356 usu“,
753 4291 817 4344 diss.
837 4291 932 4359 inaug.
953 4289 1020 4345 Hal.
1041 4295 1122 4356 1882,
1144 4310 1192 4360 pg.

21 4373 45 4434 4,
65 4361 129 4422 adn.
148 4371 173 4421 3.
