3120 4838
646 278 771 339 ..,·23
819 312 857 322 ..

170 456 324 519 expressa
359 439 411 503 sit:
445 439 495 502 hir
519 442 670 523 πέμματα
702 444 718 507 i.
743 470 767 509 e.
791 444 966 509 llackn'erk
993 454 1025 509 et
1050 446 1150 527 πέψις
1172 448 1191 513 i.
1215 470 1241 511 e.
1265 449 1329 515 Ge·
1421 488 1424 499 ·

169 543 318 623 kochtes‚
351 546 415 610 illic
443 568 516 611 assa
545 550 562 613 i.
594 570 621 613 c.
643 549 842 617 Gebrateues
873 560 904 618 et
935 554 1016 619 elixa
1044 555 1064 622 i.
1086 576 1112 621 e.
1138 553 1328 621 Gesottencs

171 652 391 716 nominantur.

274 760 392 825 Horat.
406 770 465 826 sat.
475 762 512 826 Π
528 768 556 841 3,
574 770 643 843 lar,
662 771 739 829 lae:
757 767 854 847 ,Mille
867 769 971 831 orium
980 769 1111 832 insanus
1123 770 1219 833 morti
1231 768 1328 848 dedit,

170 872 316 938 inolitum
332 872 459 937 Ulixem
476 872 519 936 m
535 872 717 937 Menelaum
739 898 802 939 una
820 898 941 940 meeum
965 898 998 941 se
1019 876 1162 941 occidere
1178 864 1330 943 clamans‘

170 992 202 1045 et
226 980 324 1047 Varr.
349 988 407 1044 sat.
430 980 568 1063 Menipp.
592 980 692 1067 (Ries.
716 1006 746 1065 p.
773 988 843 1063 1‘27,
868 984 985 1070 XVI):
1016 986 1113 1066 ,Aiax
1135 994 1203 1050 tum
1228 987 1330 1053 eredit

170 1090 257 1154 ferro
280 1112 313 1154 se
332 1089 466 1154 caedere
482 1089 619 1170 Ulixem,
644 1090 725 1155 Cum
749 1091 908 1158 baerlams
925 1095 1003 1159 suile
1019 1095 1135 1159 incedit
1150 1116 1329 1179 porcosque

171 1200 333 1265 trucidor.
379 1201 465 1265 Saue
493 1199 663 1283 utrobique
694 1201 804 1265 eadem
831 1203 941 1267 tabula
968 1212 1241 1284 commemoratur,
1271 1205 1327 1270 sed

171 1316 204 1373 et
227 1308 357 1372 dirersis
380 1307 482 1371 rerbis
505 1314 666 1389 narratur,
691 1322 722 1373 et
745 1312 814 1392 ipsa
835 1310 945 1376 fabula
966 1313 997 1376 in
1022 1314 1161 1376 omnium
1182 1334 1236 1377 ore
1257 1312 1273 1377 f
1295 1315 1325 1377 't

171 1417 272 1482 Nulla
300 1419 397 1500 igitur
428 1438 524 1479 causa
555 1424 611 1483 est.
637 1438 694 1480 cur
723 1417 805 1482 hanc
835 1420 1071 1484 similitudinem
1091 1419 1203 1497 Herm.
1225 1420 1328 1485 Fritz·

172 1527 278 1591 schius
300 1528 333 1590 in
355 1547 447 1588 suum
470 1547 562 1588 usum
584 1534 756 1591 convertat.
803 1528 898 1611 (prod
928 1537 960 1593 et·
983 1528 1088 1595 Varro
1113 1536 1145 1592 et
1167 1528 1325 1593 Horatius

171 1657 193 1699 a
215 1633 372 1717 Sophocle
395 1632 615 1696 dissentientes
627 1634 650 1717 ¹)
674 1634 809 1699 Aiacem
832 1637 1017 1718 opinantem
1038 1634 1171 1718 tingunt,
1201 1657 1234 1699 se
1263 1657 1327 1700 una

173 1766 244 1808 cum
267 1743 380 1807 ceteris
397 1740 529 1805 ducibus
549 1741 672 1805 Ulixem
688 1743 874 1822 interlicere,
897 1766 960 1808 nou
984 1744 1065 1807 tanti
1088 1744 1238 1835 momenti
1259 1764 1327 1808 esse

172 1852 248 1916 milii
281 1850 418 1928 ridetur,
451 1851 526 1931 qnia
561 1851 657 1913 etiam
693 1852 779 1934 apud
812 1852 1001 1935 Sophoclem
1011 1853 1036 1936 ἓ)
1069 1850 1213 1916 Minerva
1240 1852 1327 1917 Ulixi

172 1959 397 2041 interroganti,
427 1978 484 2020 cnr
505 1954 592 2021 Aiax
620 1959 652 2021 in
682 1981 794 2041 greges
825 1960 977 2041 impetum
1004 1959 1122 2037 feeerit,
1153 1956 1325 2041 respondet

172 2068 294 2149 ,dexter
317 2065 353 2129 ἐν
375 2060 452 2149 ὁμῖι·
474 2078 563 2148 χεῖρα
584 2066 772 2148 χραίνεσθαι
796 2060 920 2150 aorrqr'.

274 2174 391 2239 Horat.
415 2180 474 2238 sat.
496 2174 533 2238 ΙΙ
556 2179 584 2252 3,
609 2178 659 2255 81,
684 2178 744 2239 82:
766 2174 873 2253 ,doceo
897 2175 1035 2238 insanire
1057 2195 1165 2238 omues
1187 2194 1250 2250 ros
1274 2194 1325 2237 or-

170 2282 244 2347 dine
267 2282 361 2349 adite.
419 2282 569 2346 Dandast
599 2282 730 2347 ellebori
760 2284 858 2347 mirlto
887 2305 961 2365 pars
989 2283 1128 2346 riiaxima
1150 2281 1264 2345 araris‘
1294 2288 1326 2345 et

174 2391 268 2459 Vari.
294 2397 352 2455 sat.
381 2391 521 2473 Menipp.
553 2390 651 2469 (llius.
680 2414 711 2473 p.
743 2392 836 2475 128):
873 2391 1017 2473 ,denique
1049 2391 1104 2472 qui
1136 2389 1175 2453 sit
1210 2409 1326 2453 avarus

170 2506 286 2566 sauus‘.
331 2500 440 2563 Etiam
461 2499 541 2563 haec
563 2499 734 2563 similitudo
757 2498 833 2562 loris
864 2507 921 2565 est.
964 2498 1052 2562 Nam
1080 2497 1159 2562 illud
1188 2497 1326 2575 ,insanos

169 2630 239 2673 esse
261 2630 396 2688 arares,
427 2607 512 2690 quod
535 2616 631 2689 auget
653 2607 820 2685 Horatius,
850 2629 921 2670 enm
951 2608 1100 2681 onmium,
1136 2606 1190 2689 qui
1218 2614 1325 2670 mente

169 2715 331 2792 laborent,
370 2736 484 2778 arares
520 2715 656 2777 maximo
689 2715 827 2777 insanire
864 2715 953 2790 dicit,
994 2721 1029 2777 ut
1062 2714 1147 2777 nullo
1182 2720 1326 2795 tempore

171 2825 324 2906 ignotum,
349 2824 395 2887 ita
416 2829 484 2886 timi
507 2824 618 2886 tritum
644 2830 721 2900 erat,
750 2843 821 2885 eum
846 2822 997 2886 florerent
1019 2821 1127 2901 Stoici,
1158 2821 1211 2903 qui
1230 2842 1326 2903 quae·

170 2932 266 2996 stioui
287 2932 341 3011 illi,
365 2932 435 3013 quis
457 2936 539 2994 esset
555 2952 660 3011 sarius,
683 2929 851 2993 solreudae
867 2935 1033 3011 tantopere
1048 2948 1178 3011 operam
1193 2926 1325 2992 dabant.

272 3038 390 3103 Horat.
412 3045 471 3102 sat.
495 3038 533 3102 Π
556 3042 584 3114 3,
614 3042 691 3103 121:
723 3036 845 3119 ‚morbo
865 3038 1007 3120 jactatur
1030 3035 1149 3101 eodem‘
1182 3043 1212 3099 et
1228 3034 1325 3103 Varr.

169 3152 231 3211 sat.
264 3147 403 3230 llenipp.
435 3147 535 3233 (Ries.
559 3170 588 3230 p.
615 3150 704 3226 ratu:
739 3145 859 3225 ,morbo
892 3145 1072 3210 stinmlatus
1100 3144 1228 3211 eodem‘.
1272 3144 1325 3209 Ex

169 3255 312 3320 versibus
336 3255 458 3320 duobus
482 3255 608 3319 Latinis
637 3256 669 3317 in
696 3253 780 3317 idem
806 3253 936 3318 rerbmn
964 3252 1149 3318 exeuntibus
1176 3252 1325 3335 colligere

168 3385 233 3443 eoS,
258 3364 312 3446 qui
332 3363 401 3427 illos
424 3364 627 3446 scripserunt,
652 3385 690 3426 ex
713 3361 824 3425 eodem
845 3364 999 3445 scriptore
1022 3362 1148 3428 Graioco
1171 3360 1323 3441 hausisse,

168 3472 323 3537 audacius
344 3472 420 3535 mihi
443 3471 576 3551 ridetur,
601 3493 699 3553 <pirron
722 3478 757 3532 ut
780 3469 911 3551 probari
933 3471 1041 3551 possit.

272 3580 390 3644 Horat.
408 3587 470 3644 sat.
486 3579 524 3643 Π
540 3585 569 3660 4,
594 3582 739 3645 {ld—95:
763 3579 849 3656 ,nini
869 3601 946 3642 cina
960 3577 1036 3642 Non
1051 3574 1217 3639 mediocris
1232 3575 1324 3655 inest,

168 3689 274 3753 fontes
297 3696 332 3752 ut
355 3689 444 3753 adire
467 3694 605 3752 remotos
626 3684 737 3769 Atque
761 3685 890 3750 haurire
909 3708 1023 3768 queam
1046 3684 1128 3746 ritae
1150 3690 1324 3765 praecepta

167 3798 294 3862 beatae‘
312 3803 344 3861 et
355 3796 451 3865 Varr.
465 3803 524 3860 sat.
536 3796 677 3878 Menipp.
691 3794 792 3879 (Ilios.
805 3818 835 3877 p.
850 3797 946 3878 llll:
963 3800 1006 3872 ,et
1020 3792 1079 3855 hoc
1093 3791 1227 3854 interest
1239 3791 1324 3857 inter

167 3906 346 3989 Epicurum
369 3912 400 3968 et
424 3925 582 3987 ganeones
598 3910 732 3980 uestros,
756 3902 871 3984 ‹pribus
886 3901 1031 3965 modulus
1047 3899 1129 3961 ritae
1146 3903 1193 3961 est
1208 3898 1322 3964 colina·¹

168 4020 201 4078 et
223 4018 327 4096 ‚putat
349 4012 416 4077 fore
439 4012 508 4092 hoo,
533 3992 618 4096 quod
632 4012 681 4075 his
702 4010 926 4075 eoniodonibus
942 4008 1088 4074 eonrenit
1103 4028 1172 4087 usu,
1196 4008 1322 4091 quibus,

166 4128 257 4187 mota
277 4120 438 4204 roluptate
457 4143 528 4184 cum
552 4121 658 4200 edunt,
683 4119 849 4183 dundaxat
870 4119 944 4202 gula
966 4117 1102 4200 gaudet‘.
1147 4115 1213 4181 Ubi
1235 4139 1321 4184 acer-

272 4337 293 4407 ¹}
311 4337 452 4407 Kiessling¹
472 4339 530 4391 adn.
550 4355 571 4391 a.
591 4338 616 4392 h.
635 4355 658 4390 r.
764 4334 784 4403 2)
804 4332 849 4388 Αἰ.
869 4334 909 4385 -l·.‘.
