3120 4838
717 216 757 279 61

631 308 843 316 ———

89 430 138 504 ab
173 430 321 505 Alcaeo
359 433 498 529 petivit.
527 434 572 505 cs.
601 432 723 506 Diom.
752 435 892 525 520,28
923 434 967 505 al.
1011 432 1090 507 Sed
1117 457 1261 529 paucae
1289 457 1381 506 nunc

86 575 192 634 totae
221 577 393 634 servatae
427 578 510 635 sunt
538 562 755 635 Lesbiorum
783 559 979 656 strophae,
1016 585 1113 655 quae
1145 587 1226 634 cum
1259 563 1379 635 Hora-

89 688 196 760 tianis
236 689 443 784 comparari
471 689 630 785 possint,
658 686 739 762 Alc.
768 690 810 763 sr.
840 715 874 780 9.
910 696 964 761 ιδ’.
1004 712 1062 781 34.
1093 712 1137 781 35
1171 689 1312 786 Sapph.
1343 691 1383 761 fr.

94 818 152 889 28.
167 816 295 908 Quare
311 818 439 912 magis
467 842 576 913 quam
608 817 643 889 in
670 817 825 912 stropha
857 816 1047 913 Sapphica
1069 842 1138 912 pro
1166 834 1269 891 certa
1296 815 1384 914 lege

89 944 252 1017 vendere
288 944 428 1029 dubito,
462 945 562 1041 quod
597 945 808 1035 observavi,
837 960 874 1017 et
903 945 957 1016 cui
992 969 1085 1017 nunc
1118 943 1202 1017 nihil
1238 945 1381 1032 obstat,

90 1074 182 1145 inter
213 1090 291 1145 tres
323 1073 461 1169 primos
489 1098 617 1144 versus
643 1073 794 1162 hiatum,
830 1074 923 1146 inter
957 1073 1103 1145 tertium
1140 1088 1179 1143 et
1213 1089 1381 1168 quartum

90 1216 228 1274 tantum
258 1201 476 1296 synaphiam
505 1226 527 1272 a
554 1201 678 1296 poetis
707 1201 852 1275 Lesbiis
882 1200 1079 1274 admissam
1108 1226 1193 1273 esse
1220 1202 1266 1273 cs.

150 1348 231 1423 Alc.
260 1349 302 1421 lr.
333 1373 353 1441 3
359 1372 378 1441 5
408 1350 637 1443 προκόψομεν
661 1351 729 1445 γὰρ
755 1348 860 1423 οὐδὲν
885 1348 1068 1443 ἀσάμενοι,

410 1471 441 1548 ὦ
469 1477 587 1568 Βύκχι,
615 1478 804 1572 φάρμακον
832 1477 861 1549 d'
889 1476 1048 1574 ἄριστον.

91 1627 228 1721 Sapph.
259 1626 298 1698 sr.
332 1629 378 1697 28
407 1624 518 1710 ἀίδιος
544 1630 584 1697 κέ
610 1624 685 1697 οόὐ
711 1633 852 1717 κίχανεν
879 1624 1017 1713 ὄππατ’,

409 1752 484 1825 a'lt’
511 1756 627 1847 ἔλεγες
655 1760 734 1847 περὶ
762 1762 816 1824 τοῦ
844 1757 997 1839 δικαίως.

88 1902 203 1998 Apud
236 1903 432 1983 Horatium
468 1903 597 1998 singuli
634 1929 763 1975 versus
801 1904 897 1976 hiatu
934 1928 1050 1999 saepe
1078 1903 1296 1985 dirimuntur,
1324 1903 1380 1974 bis

89 2031 270 2126 synaphia
294 2029 508 2127 junguntur:
537 2031 565 2102 ll
594 2051 691 2123 3,37.
721 2031 768 2103 III
800 2053 920 2123 29,35.

196 2181 269 2252 lam
297 2181 364 2252 has
392 2181 577 2276 strophaS,
605 2180 829 2275 Sapphicam
858 2196 897 2251 et
915 2177 1102 2253 Alcaicam
1129 2179 1231 2275 quasi
1260 2205 1379 2251 exem-

88 2305 217 2403 plaria,
256 2307 289 2379 ni
326 2305 441 2397 fallor,
477 2308 544 2379 sibi
577 2332 794 2404 proponens
829 2306 1006 2379 Horatius
1035 2331 1151 2379 novas
1180 2308 1272 2377 duas
1299 2307 1378 2402 ipse

88 2435 190 2508 finxit
216 2434 366 2531 singulis
392 2436 557 2507 versibus
576 2437 624 2508 ab
644 2433 787 2508 Alcaeo
806 2435 940 2531 petitis.
985 2434 1110 2530 Atque
1130 2461 1150 2505 e
1170 2433 1379 2529 Sapphicae

88 2560 321 2635 similitudine
354 2563 437 2635 mihi
468 2563 615 2635 videtur
648 2587 732 2635 eam
765 2562 1039 2658 composuisse,
1079 2586 1176 2657 quae
1211 2587 1233 2633 e
1267 2587 1380 2633 versu

87 2689 332 2787 asclepiadeo
360 2691 499 2763 minore
528 2708 584 2763 ter
612 2692 771 2787 repetito
796 2707 835 2762 et
862 2688 1049 2785 glyconeo
1078 2706 1232 2764 constat.
1285 2689 1381 2761 Nam

85 2820 185 2893 hanc
220 2817 424 2914 stropham,
458 2844 532 2914 qua
568 2844 654 2890 usus
692 2836 751 2891 est
783 2818 959 2890 Horatius
991 2819 1024 2891 in
1063 2842 1094 2889 c.
1121 2818 1135 2888 I
1164 2828 1198 2891 6.
1232 2838 1289 2908 15.
1323 2841 1380 2910 24.

91 2970 149 3042 33.
185 2948 214 3018 ll
254 2972 310 3020 12.
342 2946 386 3018 111
425 2970 481 3021 10.
521 2956 576 3019 16.
615 2946 664 3018 IV
702 2970 735 3039 5.
780 2970 835 3035 12,
880 2972 961 3018 eum
1003 2971 1076 3018 non
1117 2946 1298 3040 integram
1332 2947 1381 3017 ab

87 3071 235 3147 Alcaeo
263 3090 464 3147 mutuatum
493 3101 589 3159 esse,
623 3075 726 3170 quod
756 3072 835 3147 vult
861 3072 1112 3170 Westphalius
1146 3073 1175 3144 ΙΙ
1209 3078 1280 3166 763
1311 3098 1379 3169 sq,

86 3203 159 3275 sed
186 3203 335 3300 singulis
363 3201 496 3276 Alcaei
530 3203 696 3276 versibus
724 3202 894 3276 adhibitis
921 3202 1227 3297 compositionem
1259 3199 1379 3294 ipsum

87 3355 252 3403 novasse
291 3346 447 3404 testatur
479 3331 598 3403 Diom.
636 3354 768 3425 520,7:
796 3348 902 3402 sexta
931 3331 1005 3401 ode
1033 3330 1234 3402 tetracolos
1261 3325 1379 3399 Hora-

86 3457 223 3530 tianum
251 3476 404 3532 metrum
429 3458 545 3531 habet
570 3459 615 3530 cs.
647 3480 797 3549 522,22.
846 3456 980 3552 Neque
999 3455 1193 3529 Diomedis
1221 3456 1377 3527 auctori-

86 3585 154 3657 tati
188 3583 245 3657 vel
282 3585 425 3659 minime
463 3584 578 3658 officit
612 3585 751 3683 Sapph.
788 3585 829 3658 lr.
867 3589 928 3677 64,
961 3586 997 3657 in
1024 3610 1098 3681 quo
1126 3579 1377 3676 Westphalius

86 3712 148 3785 niti
174 3729 329 3786 conatur
354 3714 405 3786 sic
431 3714 609 3788 scribens:

354 3840 491 3915 ἐλθόντ’
518 3847 557 3933 ἐξ
584 3840 704 3935 όράνα)
730 3848 933 3938 πορφυρέαν
961 3842 1058 3931 ἔχον-

353 3998 399 4041 τα
424 3972 635 4066 προϊέμενον
658 3971 807 4065 χλάμον.

82 4123 169 4172 nam
195 4096 234 4170 id
260 4096 408 4194 quidem
435 4097 539 4170 nimis
566 4098 743 4171 incertum
763 4113 831 4186 est,
859 4110 899 4168 ut
917 4121 939 4166 a
958 4091 1124 4168 Bentleio
1145 4111 1184 4169 et
1202 4091 1375 4169 Seidlero

83 4226 316 4301 emendetur:
351 4223 488 4297 ἐλθόντ’
523 4228 562 4313 ἐξ
591 4222 711 4321 ὀράνω
742 4230 945 4321 πορφυρίαν
976 4225 1197 4317 περθέμενον
1226 4222 1377 4317 χλοίμυν.

82 4353 201 4449 Quod
228 4377 318 4427 vero
346 4352 418 4424 dixi
453 4351 644 4426 Horatium
673 4354 707 4426 in
735 4353 808 4428 hac
833 4349 990 4445 stropha
1015 4347 1191 4447 lingenda
1217 4350 1377 4447 Sappho

83 4499 170 4556 ante
189 4482 318 4554 oculos
337 4480 511 4553 habuisse
530 4480 653 4566 videri,
672 4482 710 4554 id
724 4480 929 4577 significare
944 4477 1051 4563 volui,
1070 4504 1157 4554 eum
1168 4479 1389 4552 uniuersam
1477 4552 1492 4566 ,,
