3120 4838
824 214 846 277 7

283 416 427 510 Quibus
462 417 624 489 breviter
657 416 870 510 praemissis
894 415 972 509 jam
1007 415 1056 486 ad
1093 416 1209 509 ipsum
1239 419 1473 514 propositum

167 544 256 615 mihi
288 570 450 639 pergere
488 545 596 616 liceat
633 560 670 615 et
702 544 959 640 quaestionem
993 543 1042 614 ita
1079 543 1288 632 instituere,
1328 564 1366 618 ut
1400 571 1472 618 uno

167 673 297 766 capite
328 673 553 769 singulorum
580 697 748 744 versuum
778 671 1035 743 formationem
1069 699 1091 741 a
1118 670 1274 744 Horatio
1308 674 1342 745 in
1371 699 1473 747 usum
1506 674 1509 682 ’

167 817 345 872 vocatam
367 801 598 873 Graecorum
628 799 902 895 comparatione
923 796 1106 883 illustrem,
1138 798 1254 872 altero
1274 802 1472 874 carminum

170 929 494 1023 compositionem.
551 929 644 1000 Cum
680 953 773 1000 vero
808 927 917 999 etiam
944 927 1075 1001 Catulli
1113 928 1245 1022 poesin
1279 945 1472 1025 artemque

170 1080 397 1151 comparare
418 1058 571 1129 animum
592 1056 805 1141 induxerim,
826 1055 875 1126 ita
894 1080 1015 1148 agam,
1046 1072 1084 1125 ut
1102 1054 1244 1150 singula
1259 1058 1337 1129 eius
1353 1076 1472 1131 metra

170 1182 325 1280 singulis
366 1184 589 1268 Horatianis,
631 1184 845 1279 quibuscum
881 1183 1108 1277 conspirant,
1152 1184 1301 1268 addam,
1335 1185 1472 1259 deinde

170 1312 204 1383 in
230 1313 306 1385 fine
338 1313 653 1385 commentationis
683 1313 730 1382 de
759 1328 880 1382 mutua
911 1308 1049 1394 Catulli,
1080 1310 1241 1399 Horatii,
1276 1312 1471 1406 lyricorum

173 1441 404 1512 Graecorum
432 1441 525 1512 inter
552 1468 593 1513 se
624 1439 895 1512 necessitudine
924 1440 958 1510 in
988 1439 1195 1511 universum
1224 1439 1417 1535 disputem.

314 1650 396 1742 Cap
439 1649 466 1720 l.
521 1648 580 1720 De
608 1649 850 1741 sinqulorum
879 1671 1062 1719 versuum
1090 1648 1331 1723 formatione.

278 1828 403 1898 metra
431 1826 552 1898 omnia
581 1843 643 1897 aut
672 1823 845 1920 simplicia
874 1843 956 1896 sunt
984 1840 1046 1896 aut
1074 1825 1200 1909 mixta;
1237 1826 1367 1897 horum
1397 1830 1471 1900 duo

179 1981 335 2052 genera:
367 1954 759 2046 dactylo-trochaicum
789 1971 827 2025 et
854 1950 1114 2049 logaoedicum
1143 1953 1244 2047 apud
1275 1953 1471 2028 Horatium

182 2070 427 2171 inveniuntur,
465 2082 604 2152 illorum
642 2108 662 2153 e
698 2106 849 2152 numero
891 2080 1092 2175 generibus
1134 2081 1214 2176 pari
1257 2098 1295 2153 et
1339 2084 1470 2177 duplici

186 2238 261 2284 usus
288 2227 355 2284 est.
411 2210 539 2305 ltaque

392 2417 478 2521 §u
535 2418 595 2488 de
642 2416 900 2488 versibus
944 2412 1254 2508 dactylicis

194 2581 365 2650 exponam.
414 2554 541 2650 Atque
570 2551 604 2622 in
631 2551 825 2644 dactylicis
866 2550 1033 2621 versibus
1061 2549 1261 2621 formandis
1292 2550 1468 2624 Horatius

196 2707 252 2754 non
275 2700 408 2778 poetas
437 2679 617 2767 Lesbi05,
655 2679 715 2774 qui
752 2679 868 2774 primo
902 2676 1002 2772 pede
1031 2695 1070 2748 ut
1099 2676 1178 2748 basi
1206 2677 1259 2749 usi
1287 2676 1356 2749 has
1385 2677 1466 2772 ejus

195 2808 309 2881 habent
351 2810 506 2881 formas:
550 2851 602 2860 -
624 2850 672 2860 -
693 2842 700 2896 3
724 2834 813 2877 -υ
832 2841 839 2896 3
859 2834 877 2877 u
897 2833 972 2888 -;
994 2832 1066 2894 rm,
1109 2804 1143 2877 in
1186 2803 1333 2899 reliquis
1375 2829 1467 2879 vero

196 2937 328 3030 pedibus
366 2953 518 3032 praeter
554 2933 712 3007 ultimum
741 2960 888 3030 semper
916 2957 1029 3029 puros
1059 2933 1247 3027 dactleS,
1281 2958 1466 3028 nunquam

196 3064 363 3157 spondeos
392 3080 543 3161 ponunt,
574 3064 642 3136 sed
663 3079 871 3136 ceterorum
891 3060 1086 3156 lyricorum
1107 3087 1187 3133 cum
1207 3060 1328 3156 poetis
1349 3061 1466 3157 epicis
1528 3152 1532 3158 .

196 3204 226 3258 et
255 3188 452 3262 dramaticis
484 3206 523 3261 et
558 3192 723 3263 omnibus
757 3191 879 3286 poetis
912 3188 1050 3261 Latinis
1086 3215 1317 3263 communem
1360 3216 1466 3265 usum

194 3334 318 3389 secutus
347 3336 421 3407 est,
455 3319 629 3412 idemque
660 3320 823 3392 Catullus
857 3317 952 3389 fecit.
1002 3316 1197 3409 Quatenus
1226 3343 1319 3390 vero
1347 3317 1465 3392 Grae·

195 3466 299 3514 corum
325 3445 457 3539 dactyli
486 3470 555 3538 pro
585 3447 840 3542 τετρασήμοις,
869 3464 1051 3542 quatenus
1080 3471 1149 3540 pro
1180 3447 1373 3542 τρισήμοις,
1403 3449 1465 3542 qui

191 3568 311 3642 xu'ulrur
337 3587 514 3643 vocantur
541 3572 706 3647 habendi
734 3575 816 3664 sint,
844 3575 912 3646 viri
939 3574 1057 3662 docti,
1093 3573 1265 3669 imprimis
1294 3574 1340 3646 G.
1371 3574 1464 3646 Her-

189 3722 321 3770 mannus
350 3715 386 3771 et
403 3699 657 3794 Westphalius
686 3727 822 3799 magno
852 3727 967 3797 opere
998 3700 1227 3773 dissentiunt.
1283 3699 1362 3770 Sed
1381 3725 1463 3774 cum

188 3828 354 3924 utriusque
381 3832 530 3926 generis
551 3829 781 3924 dactylorum
800 3833 907 3927 leges
927 3828 1087 3900 eaedem
1107 3828 1186 3912 sint,
1214 3852 1260 3898 ea
1289 3829 1461 3920 quaestio

187 3956 229 4026 ad
261 3975 416 4030 nostrum
453 3960 682 4054 propositum
719 3960 853 4053 propie
885 3981 959 4028 non
991 3955 1152 4051 pertinet
1180 3972 1219 4027 et
1246 3953 1463 4030 brevissime

183 4086 386 4157 sententiam
422 4112 540 4158 meam
580 4085 744 4182 profiteri
787 4087 875 4158 satis
916 4057 1078 4172 haben,
1104 4085 1152 4155 de
1193 4081 1293 4177 puris
1335 4085 1462 4157 metris

181 4211 356 4306 dactylicis
385 4216 501 4285 adhuc
531 4215 597 4285 sub
621 4214 747 4308 judice
776 4212 875 4286 litem
903 4237 1008 4295 esse;
1036 4236 1103 4283 eos
1133 4227 1255 4308 autem
1282 4207 1460 4302 dactylos

177 4339 293 4437 quiin
326 4342 450 4412 metris
486 4340 853 4436 dactylo-trochaicis
882 4356 921 4412 et
956 4336 1186 4434 logaoedicis
1223 4335 1459 4431 inveniuntur,

176 4486 272 4543 certe
302 4477 464 4553 κυκλίους
493 4495 590 4544 esse.
