<?xml version="1.0" encoding="UTF-8"?>
<!DOCTYPE html PUBLIC "-//W3C//DTD XHTML 1.0 Transitional//EN"
    "http://www.w3.org/TR/xhtml1/DTD/xhtml1-transitional.dtd">
<html xmlns="http://www.w3.org/1999/xhtml" xml:lang="en" lang="en">
 <head>
  <title>
</title>
<meta http-equiv="Content-Type" content="text/html;charset=utf-8" />
  <meta name='ocr-system' content='tesseract 3.04.00' />
  <meta name='ocr-capabilities' content='ocr_page ocr_carea ocr_par ocr_line ocrx_word'/>
</head>
<body>
  <div class='ocr_page' id='page_1' title='image "./deverborumcompo00horagoog/deverborumcompo00horagoog_0185.png"; bbox 0 0 3120 4838; ppageno 0'>
   <div class='ocr_carea' id='block_1_1' title="bbox 698 232 755 331">
    <p class='ocr_par' dir='ltr' id='par_1_1' title="bbox 627 232 755 331">
     <span class='ocr_line' id='line_1_1' title="bbox 698 232 755 331; baseline 0 -2"><span class='ocrx_word' id='word_1_1' title='bbox 698 232 755 331; x_wconf 55' lang='lat'>[9</span> 
     </span>
    </p>
   </div>
   <div class='ocr_carea' id='block_1_2' title="bbox 74 443 1379 2077">
    <p class='ocr_par' dir='ltr' id='par_1_2' title="bbox 74 443 1379 2077">
     <span class='ocr_line' id='line_1_2' title="bbox 74 443 1375 545; baseline 0.004 -28"><span class='ocrx_word' id='word_1_2' title='bbox 74 443 290 541; x_wconf 81' lang='lat' dir='ltr'>exemplum</span> <span class='ocrx_word' id='word_1_3' title='bbox 319 445 548 542; x_wconf 91' lang='lat' dir='ltr'>potissimum</span> <span class='ocrx_word' id='word_1_4' title='bbox 576 471 661 519; x_wconf 91' lang='lat' dir='ltr'>sese</span> <span class='ocrx_word' id='word_1_5' title='bbox 690 448 874 543; x_wconf 89' lang='lat' dir='ltr'>applicare</span> <span class='ocrx_word' id='word_1_6' title='bbox 907 446 1063 538; x_wconf 80' lang='lat' dir='ltr'><strong>solebat,</strong></span> <span class='ocrx_word' id='word_1_7' title='bbox 1093 448 1193 521; x_wconf 92' lang='lat' dir='ltr'>initio</span> <span class='ocrx_word' id='word_1_8' title='bbox 1213 452 1238 543; x_wconf 72' lang='lat'>¹)</span> <span class='ocrx_word' id='word_1_9' title='bbox 1267 468 1375 545; x_wconf 90' lang='lat' dir='ltr'>spon-</span> 
     </span>
     <span class='ocr_line' id='line_1_3' title="bbox 78 574 1375 668; baseline 0.003 -23"><span class='ocrx_word' id='word_1_10' title='bbox 78 574 174 645; x_wconf 91' lang='lat' dir='ltr'>deos</span> <span class='ocrx_word' id='word_1_11' title='bbox 202 574 238 645; x_wconf 93' lang='lat' dir='ltr'>in</span> <span class='ocrx_word' id='word_1_12' title='bbox 266 574 433 646; x_wconf 89' lang='lat' dir='ltr'>versibus</span> <span class='ocrx_word' id='word_1_13' title='bbox 453 574 614 646; x_wconf 87' lang='lat' dir='ltr'>iambicis</span> <span class='ocrx_word' id='word_1_14' title='bbox 641 599 725 646; x_wconf 89' lang='lat' dir='ltr'>raro</span> <span class='ocrx_word' id='word_1_15' title='bbox 745 576 897 660; x_wconf 88' lang='lat' dir='ltr'>admisit,</span> <span class='ocrx_word' id='word_1_16' title='bbox 926 576 961 648; x_wconf 90' lang='lat' dir='ltr'>in</span> <span class='ocrx_word' id='word_1_17' title='bbox 989 600 1021 648; x_wconf 91' lang='lat' dir='ltr'>c.</span> <span class='ocrx_word' id='word_1_18' title='bbox 1054 598 1096 663; x_wconf 82' lang='grc'>25</span> <span class='ocrx_word' id='word_1_19' title='bbox 1129 592 1168 649; x_wconf 94' lang='lat' dir='ltr'>et</span> <span class='ocrx_word' id='word_1_20' title='bbox 1198 599 1263 668; x_wconf 84' lang='grc'>52;</span> <span class='ocrx_word' id='word_1_21' title='bbox 1293 601 1375 649; x_wconf 90' lang='lat' dir='ltr'>nam</span> 
     </span>
     <span class='ocr_line' id='line_1_4' title="bbox 78 704 1377 800; baseline 0.002 -26"><span class='ocrx_word' id='word_1_22' title='bbox 78 727 229 774; x_wconf 89' lang='lat' dir='ltr'>carmen</span> <span class='ocrx_word' id='word_1_23' title='bbox 262 724 306 794; x_wconf 86' lang='grc'>25</span> <span class='ocrx_word' id='word_1_24' title='bbox 336 726 486 797; x_wconf 91' lang='lat' dir='ltr'>quoque</span> <span class='ocrx_word' id='word_1_25' title='bbox 516 727 735 797; x_wconf 90' lang='lat' dir='ltr'>quamquam</span> <span class='ocrx_word' id='word_1_26' title='bbox 756 704 973 798; x_wconf 83' lang='lat' dir='ltr'>septenariis</span> <span class='ocrx_word' id='word_1_27' title='bbox 1001 704 1164 776; x_wconf 88' lang='lat' dir='ltr'>iambicis</span> <span class='ocrx_word' id='word_1_28' title='bbox 1194 704 1377 800; x_wconf 92' lang='lat' dir='ltr'>conscrip-</span> 
     </span>
     <span class='ocr_line' id='line_1_5' title="bbox 78 829 1375 927; baseline 0.003 -26"><span class='ocrx_word' id='word_1_29' title='bbox 78 846 172 915; x_wconf 90' lang='lat' dir='ltr'>tum,</span> <span class='ocrx_word' id='word_1_30' title='bbox 208 854 292 901; x_wconf 89' lang='lat' dir='ltr'>cum</span> <span class='ocrx_word' id='word_1_31' title='bbox 328 854 389 901; x_wconf 90' lang='lat' dir='ltr'>res</span> <span class='ocrx_word' id='word_1_32' title='bbox 424 829 560 901; x_wconf 89' lang='lat' dir='ltr'>eadem</span> <span class='ocrx_word' id='word_1_33' title='bbox 589 829 654 917; x_wconf 92' lang='lat' dir='ltr'>sit,</span> <span class='ocrx_word' id='word_1_34' title='bbox 692 830 740 900; x_wconf 92' lang='lat' dir='ltr'>ad</span> <span class='ocrx_word' id='word_1_35' title='bbox 769 831 1026 925; x_wconf 88' lang='lat' dir='ltr'>quaestionem</span> <span class='ocrx_word' id='word_1_36' title='bbox 1055 846 1219 905; x_wconf 89' lang='lat' dir='ltr'>nostram</span> <span class='ocrx_word' id='word_1_37' title='bbox 1249 832 1375 927; x_wconf 89' lang='lat' dir='ltr'>dijudi-</span> 
     </span>
     <span class='ocr_line' id='line_1_6' title="bbox 79 955 1376 1056; baseline 0.002 -27"><span class='ocrx_word' id='word_1_38' title='bbox 79 956 236 1029; x_wconf 90' lang='lat' dir='ltr'>candam</span> <span class='ocrx_word' id='word_1_39' title='bbox 279 957 442 1029; x_wconf 89' lang='lat' dir='ltr'>adhiberi</span> <span class='ocrx_word' id='word_1_40' title='bbox 487 957 612 1030; x_wconf 91' lang='lat' dir='ltr'>debet.</span> <span class='ocrx_word' id='word_1_41' title='bbox 670 955 796 1053; x_wconf 88' lang='lat' dir='ltr'>Atque</span> <span class='ocrx_word' id='word_1_42' title='bbox 829 960 864 1030; x_wconf 92' lang='lat' dir='ltr'>in</span> <span class='ocrx_word' id='word_1_43' title='bbox 901 984 932 1031; x_wconf 89' lang='lat' dir='ltr'>c.</span> <span class='ocrx_word' id='word_1_44' title='bbox 971 982 1032 1050; x_wconf 84' lang='grc'>52,</span> <span class='ocrx_word' id='word_1_45' title='bbox 1070 959 1170 1056; x_wconf 92' lang='lat' dir='ltr'>quod</span> <span class='ocrx_word' id='word_1_46' title='bbox 1206 986 1227 1032; x_wconf 91' lang='lat' dir='ltr'>e</span> <span class='ocrx_word' id='word_1_47' title='bbox 1263 960 1376 1032; x_wconf 87' lang='lat' dir='ltr'>tribus</span> 
     </span>
     <span class='ocr_line' id='line_1_7' title="bbox 80 1080 1377 1182; baseline 0.002 -25"><span class='ocrx_word' id='word_1_48' title='bbox 80 1084 250 1157; x_wconf 82' lang='lat' dir='ltr'>trimetris</span> <span class='ocrx_word' id='word_1_49' title='bbox 292 1080 433 1157; x_wconf 88' lang='lat' dir='ltr'>tantum</span> <span class='ocrx_word' id='word_1_50' title='bbox 477 1100 642 1173; x_wconf 91' lang='lat' dir='ltr'>constat,</span> <span class='ocrx_word' id='word_1_51' title='bbox 686 1085 876 1180; x_wconf 91' lang='lat' dir='ltr'>spondeus</span> <span class='ocrx_word' id='word_1_52' title='bbox 914 1087 969 1159; x_wconf 94' lang='lat' dir='ltr'>bis</span> <span class='ocrx_word' id='word_1_53' title='bbox 1007 1087 1040 1158; x_wconf 94' lang='lat' dir='ltr'>in</span> <span class='ocrx_word' id='word_1_54' title='bbox 1076 1087 1210 1182; x_wconf 88' lang='lat' dir='ltr'>prima,</span> <span class='ocrx_word' id='word_1_55' title='bbox 1251 1087 1308 1159; x_wconf 91' lang='lat' dir='ltr'>bis</span> <span class='ocrx_word' id='word_1_56' title='bbox 1342 1088 1377 1160; x_wconf 93' lang='lat' dir='ltr'>in</span> 
     </span>
     <span class='ocr_line' id='line_1_8' title="bbox 81 1210 1376 1308; baseline 0.002 -24"><span class='ocrx_word' id='word_1_57' title='bbox 81 1213 185 1285; x_wconf 90' lang='lat' dir='ltr'>tertia</span> <span class='ocrx_word' id='word_1_58' title='bbox 213 1212 319 1295; x_wconf 87' lang='lat' dir='ltr'>sede,</span> <span class='ocrx_word' id='word_1_59' title='bbox 347 1237 531 1308; x_wconf 91' lang='lat' dir='ltr'>nunquam</span> <span class='ocrx_word' id='word_1_60' title='bbox 558 1213 594 1284; x_wconf 93' lang='lat' dir='ltr'>in</span> <span class='ocrx_word' id='word_1_61' title='bbox 622 1210 747 1307; x_wconf 89' lang='lat' dir='ltr'>quinta</span> <span class='ocrx_word' id='word_1_62' title='bbox 766 1214 963 1308; x_wconf 75' lang='lat' dir='ltr'>reperitur,</span> <span class='ocrx_word' id='word_1_63' title='bbox 994 1213 1028 1285; x_wconf 94' lang='lat' dir='ltr'>in</span> <span class='ocrx_word' id='word_1_64' title='bbox 1058 1238 1087 1286; x_wconf 89' lang='lat' dir='ltr'>c.</span> <span class='ocrx_word' id='word_1_65' title='bbox 1120 1239 1164 1307; x_wconf 84' lang='lat'>25</span> <span class='ocrx_word' id='word_1_66' title='bbox 1197 1215 1376 1288; x_wconf 81' lang='lat' dir='ltr'>tredecim</span> 
     </span>
     <span class='ocr_line' id='line_1_9' title="bbox 80 1336 1374 1438; baseline 0 -25"><span class='ocrx_word' id='word_1_67' title='bbox 80 1336 314 1436; x_wconf 83' lang='lat' dir='ltr'>septenarios</span> <span class='ocrx_word' id='word_1_68' title='bbox 351 1338 545 1437; x_wconf 83' lang='lat' dir='ltr'>complexo</span> <span class='ocrx_word' id='word_1_69' title='bbox 581 1341 699 1436; x_wconf 92' lang='lat' dir='ltr'>primo</span> <span class='ocrx_word' id='word_1_70' title='bbox 735 1342 818 1412; x_wconf 93' lang='lat' dir='ltr'>loco</span> <span class='ocrx_word' id='word_1_71' title='bbox 853 1342 938 1431; x_wconf 85' lang='lat' dir='ltr'>7ies</span> <span class='ocrx_word' id='word_1_72' title='bbox 969 1344 1045 1438; x_wconf 81' lang='lat' dir='ltr'>(vv,</span> <span class='ocrx_word' id='word_1_73' title='bbox 1083 1367 1114 1435; x_wconf 87' lang='lat'>3.</span> <span class='ocrx_word' id='word_1_74' title='bbox 1144 1365 1178 1434; x_wconf 86' lang='lat'>4.</span> <span class='ocrx_word' id='word_1_75' title='bbox 1210 1365 1243 1435; x_wconf 86' lang='lat'>5.</span> <span class='ocrx_word' id='word_1_76' title='bbox 1277 1362 1310 1432; x_wconf 89' lang='lat'>7.</span> <span class='ocrx_word' id='word_1_77' title='bbox 1341 1369 1374 1434; x_wconf 90' lang='lat'>9.</span> 
     </span>
     <span class='ocr_line' id='line_1_10' title="bbox 87 1466 1378 1568; baseline 0.002 -28"><span class='ocrx_word' id='word_1_78' title='bbox 87 1492 142 1543; x_wconf 79' lang='grc' dir='ltr'>ιο.</span> <span class='ocrx_word' id='word_1_79' title='bbox 180 1494 190 1539; x_wconf 87' lang='lat' dir='ltr'>r</span> <span class='ocrx_word' id='word_1_80' title='bbox 201 1477 253 1561; x_wconf 84' lang='lat'>3),</span> <span class='ocrx_word' id='word_1_81' title='bbox 283 1468 409 1564; x_wconf 92' lang='lat' dir='ltr'>quinto</span> <span class='ocrx_word' id='word_1_82' title='bbox 438 1470 493 1541; x_wconf 91' lang='lat' dir='ltr'>bis</span> <span class='ocrx_word' id='word_1_83' title='bbox 522 1466 598 1568; x_wconf 82' lang='lat' dir='ltr'>(vu.</span> <span class='ocrx_word' id='word_1_84' title='bbox 631 1490 663 1560; x_wconf 84' lang='lat'>5.</span> <span class='ocrx_word' id='word_1_85' title='bbox 694 1472 744 1562; x_wconf 82' lang='lat'>9).</span> <span class='ocrx_word' id='word_1_86' title='bbox 773 1470 908 1541; x_wconf 92' lang='lat' dir='ltr'>ceteris</span> <span class='ocrx_word' id='word_1_87' title='bbox 934 1467 1026 1542; x_wconf 91' lang='lat' dir='ltr'>locis</span> <span class='ocrx_word' id='word_1_88' title='bbox 1055 1469 1262 1564; x_wconf 91' lang='lat' dir='ltr'>spondeum</span> <span class='ocrx_word' id='word_1_89' title='bbox 1301 1494 1378 1542; x_wconf 91' lang='lat' dir='ltr'>om-</span> 
     </span>
     <span class='ocr_line' id='line_1_11' title="bbox 82 1596 1379 1692; baseline 0 -24"><span class='ocrx_word' id='word_1_90' title='bbox 82 1597 163 1668; x_wconf 94' lang='lat' dir='ltr'>nino</span> <span class='ocrx_word' id='word_1_91' title='bbox 190 1621 265 1669; x_wconf 91' lang='lat' dir='ltr'>non</span> <span class='ocrx_word' id='word_1_92' title='bbox 294 1597 424 1691; x_wconf 90' lang='lat' dir='ltr'>posuit.</span> <span class='ocrx_word' id='word_1_93' title='bbox 481 1597 603 1692; x_wconf 85' lang='lat' dir='ltr'>Magis</span> <span class='ocrx_word' id='word_1_94' title='bbox 640 1611 762 1668; x_wconf 91' lang='lat' dir='ltr'>autem</span> <span class='ocrx_word' id='word_1_95' title='bbox 796 1597 988 1692; x_wconf 87' lang='lat' dir='ltr'>magisque</span> <span class='ocrx_word' id='word_1_96' title='bbox 1027 1596 1207 1682; x_wconf 88' lang='lat' dir='ltr'>Catullus,</span> <span class='ocrx_word' id='word_1_97' title='bbox 1239 1622 1320 1668; x_wconf 92' lang='lat' dir='ltr'>cum</span> <span class='ocrx_word' id='word_1_98' title='bbox 1356 1623 1379 1668; x_wconf 94' lang='lat' dir='ltr'>a</span> 
     </span>
     <span class='ocr_line' id='line_1_12' title="bbox 81 1721 1378 1820; baseline 0.002 -25"><span class='ocrx_word' id='word_1_99' title='bbox 81 1740 243 1797; x_wconf 84' lang='lat' dir='ltr'>veterum</span> <span class='ocrx_word' id='word_1_100' title='bbox 272 1739 466 1820; x_wconf 88' lang='lat' dir='ltr'>poetarum</span> <span class='ocrx_word' id='word_1_101' title='bbox 494 1725 705 1797; x_wconf 91' lang='lat' dir='ltr'>Latinorum</span> <span class='ocrx_word' id='word_1_102' title='bbox 735 1721 881 1796; x_wconf 77' lang='lat' dir='ltr'>libidine</span> <span class='ocrx_word' id='word_1_103' title='bbox 917 1725 1149 1811; x_wconf 88' lang='lat' dir='ltr'>abhorreret,</span> <span class='ocrx_word' id='word_1_104' title='bbox 1187 1725 1223 1796; x_wconf 92' lang='lat' dir='ltr'>id</span> <span class='ocrx_word' id='word_1_105' title='bbox 1257 1724 1378 1797; x_wconf 86' lang='lat' dir='ltr'>vitium</span> 
     </span>
     <span class='ocr_line' id='line_1_13' title="bbox 80 1848 1377 1948; baseline 0.001 -25"><span class='ocrx_word' id='word_1_106' title='bbox 80 1870 118 1924; x_wconf 95' lang='lat' dir='ltr'>ut</span> <span class='ocrx_word' id='word_1_107' title='bbox 152 1853 287 1925; x_wconf 90' lang='lat' dir='ltr'>vitaret</span> <span class='ocrx_word' id='word_1_108' title='bbox 326 1854 465 1939; x_wconf 87' lang='lat' dir='ltr'>enisus,</span> <span class='ocrx_word' id='word_1_109' title='bbox 507 1853 541 1925; x_wconf 91' lang='lat' dir='ltr'>in</span> <span class='ocrx_word' id='word_1_110' title='bbox 576 1851 794 1924; x_wconf 91' lang='lat' dir='ltr'>contrarium</span> <span class='ocrx_word' id='word_1_111' title='bbox 829 1848 977 1936; x_wconf 88' lang='lat' dir='ltr'>malum,</span> <span class='ocrx_word' id='word_1_112' title='bbox 1021 1851 1125 1948; x_wconf 92' lang='lat' dir='ltr'>quod</span> <span class='ocrx_word' id='word_1_113' title='bbox 1154 1867 1192 1924; x_wconf 90' lang='lat' dir='ltr'>et</span> <span class='ocrx_word' id='word_1_114' title='bbox 1219 1852 1377 1948; x_wconf 91' lang='lat' dir='ltr'>antiquis</span> 
     </span>
     <span class='ocr_line' id='line_1_14' title="bbox 79 1978 1375 2077; baseline 0 -25"><span class='ocrx_word' id='word_1_115' title='bbox 79 1982 305 2077; x_wconf 92' lang='lat' dir='ltr'>temporibus</span> <span class='ocrx_word' id='word_1_116' title='bbox 334 1981 466 2054; x_wconf 86' lang='lat' dir='ltr'>lactum</span> <span class='ocrx_word' id='word_1_117' title='bbox 496 1996 554 2053; x_wconf 88' lang='lat' dir='ltr'>est</span> <span class='ocrx_word' id='word_1_118' title='bbox 573 1999 612 2053; x_wconf 90' lang='lat' dir='ltr'>et</span> <span class='ocrx_word' id='word_1_119' title='bbox 639 1980 752 2052; x_wconf 90' lang='lat' dir='ltr'>hodie</span> <span class='ocrx_word' id='word_1_120' title='bbox 781 1978 858 2051; x_wconf 90' lang='lat' dir='ltr'>fieri</span> <span class='ocrx_word' id='word_1_121' title='bbox 887 1978 996 2067; x_wconf 90' lang='lat' dir='ltr'>solet,</span> <span class='ocrx_word' id='word_1_122' title='bbox 1024 1980 1167 2053; x_wconf 90' lang='lat' dir='ltr'>videtur</span> <span class='ocrx_word' id='word_1_123' title='bbox 1195 1980 1375 2053; x_wconf 88' lang='lat' dir='ltr'>incidisse.</span> 
     </span>
    </p>
   </div>
   <div class='ocr_carea' id='block_1_3' title="bbox 78 2107 1377 2468">
    <p class='ocr_par' dir='ltr' id='par_1_3' title="bbox 78 2107 1377 2468">
     <span class='ocr_line' id='line_1_15' title="bbox 78 2107 1377 2204; baseline 0.002 -25"><span class='ocrx_word' id='word_1_124' title='bbox 78 2108 206 2204; x_wconf 89' lang='lat' dir='ltr'>ltaque</span> <span class='ocrx_word' id='word_1_125' title='bbox 233 2108 339 2181; x_wconf 90' lang='lat' dir='ltr'>iniis</span> <span class='ocrx_word' id='word_1_126' title='bbox 369 2109 603 2193; x_wconf 87' lang='lat' dir='ltr'>carminibus,</span> <span class='ocrx_word' id='word_1_127' title='bbox 633 2132 730 2203; x_wconf 88' lang='lat' dir='ltr'>quae</span> <span class='ocrx_word' id='word_1_128' title='bbox 759 2122 846 2201; x_wconf 90' lang='lat' dir='ltr'>post</span> <span class='ocrx_word' id='word_1_129' title='bbox 872 2107 941 2180; x_wconf 94' lang='lat' dir='ltr'>iter</span> <span class='ocrx_word' id='word_1_130' title='bbox 969 2108 1173 2203; x_wconf 87' lang='lat' dir='ltr'>Bithynium</span> <span class='ocrx_word' id='word_1_131' title='bbox 1202 2124 1241 2180; x_wconf 88' lang='lat' dir='ltr'>et</span> <span class='ocrx_word' id='word_1_132' title='bbox 1265 2111 1377 2204; x_wconf 88' lang='lat' dir='ltr'>paulo</span> 
     </span>
     <span class='ocr_line' id='line_1_16' title="bbox 79 2233 1374 2333; baseline 0 -25"><span class='ocrx_word' id='word_1_133' title='bbox 79 2238 291 2333; x_wconf 87' lang='lat' dir='ltr'>priusquam</span> <span class='ocrx_word' id='word_1_134' title='bbox 321 2252 486 2309; x_wconf 91' lang='lat' dir='ltr'>mortuus</span> <span class='ocrx_word' id='word_1_135' title='bbox 514 2252 572 2309; x_wconf 92' lang='lat' dir='ltr'>est</span> <span class='ocrx_word' id='word_1_136' title='bbox 599 2233 762 2330; x_wconf 89' lang='lat' dir='ltr'>scripsit,</span> <span class='ocrx_word' id='word_1_137' title='bbox 791 2233 825 2306; x_wconf 95' lang='lat' dir='ltr'>in</span> <span class='ocrx_word' id='word_1_138' title='bbox 855 2259 967 2310; x_wconf 90' lang='lat' dir='ltr'>carm.</span> <span class='ocrx_word' id='word_1_139' title='bbox 998 2261 1022 2327; x_wconf 87' lang='lat'>4</span> <span class='ocrx_word' id='word_1_140' title='bbox 1057 2261 1154 2308; x_wconf 93' lang='lat' dir='ltr'>anno</span> <span class='ocrx_word' id='word_1_141' title='bbox 1193 2234 1308 2327; x_wconf 83' lang='lat' dir='ltr'>56l55</span> <span class='ocrx_word' id='word_1_142' title='bbox 1341 2262 1374 2309; x_wconf 92' lang='lat' dir='ltr'>a.</span> 
     </span>
     <span class='ocr_line' id='line_1_17' title="bbox 79 2360 1375 2468; baseline -0.002 -31"><span class='ocrx_word' id='word_1_143' title='bbox 79 2364 162 2438; x_wconf 87' lang='lat' dir='ltr'>Chr.</span> <span class='ocrx_word' id='word_1_144' title='bbox 195 2367 310 2468; x_wconf 57' lang='lat' dir='ltr'>ortolt</span> <span class='ocrx_word' id='word_1_145' title='bbox 339 2364 437 2436; x_wconf 89' lang='lat' dir='ltr'>etin</span> <span class='ocrx_word' id='word_1_146' title='bbox 466 2390 496 2436; x_wconf 92' lang='lat' dir='ltr'>c.</span> <span class='ocrx_word' id='word_1_147' title='bbox 528 2388 586 2453; x_wconf 81' lang='lat'>29,</span> <span class='ocrx_word' id='word_1_148' title='bbox 617 2364 718 2458; x_wconf 94' lang='lat' dir='ltr'>quod</span> <span class='ocrx_word' id='word_1_149' title='bbox 746 2390 843 2437; x_wconf 93' lang='lat' dir='ltr'>anno</span> <span class='ocrx_word' id='word_1_150' title='bbox 876 2387 924 2457; x_wconf 86' lang='lat'>54</span> <span class='ocrx_word' id='word_1_151' title='bbox 953 2390 987 2439; x_wconf 90' lang='lat' dir='ltr'>a.</span> <span class='ocrx_word' id='word_1_152' title='bbox 1008 2365 1095 2439; x_wconf 87' lang='lat' dir='ltr'>Chr.</span> <span class='ocrx_word' id='word_1_153' title='bbox 1127 2360 1375 2459; x_wconf 82' lang='lat' dir='ltr'>composuit³),</span> 
     </span>
    </p>
   </div>
   <div class='ocr_carea' id='block_1_4' title="bbox 76 2491 1375 2975">
    <p class='ocr_par' dir='ltr' id='par_1_4' title="bbox 76 2491 1375 2975">
     <span class='ocr_line' id='line_1_18' title="bbox 79 2491 1375 2591; baseline -0.001 -27"><span class='ocrx_word' id='word_1_154' title='bbox 79 2517 199 2565; x_wconf 89' lang='lat' dir='ltr'>meros</span> <span class='ocrx_word' id='word_1_155' title='bbox 241 2493 386 2564; x_wconf 90' lang='lat' dir='ltr'>iambos</span> <span class='ocrx_word' id='word_1_156' title='bbox 428 2493 591 2565; x_wconf 89' lang='lat' dir='ltr'>adhibuit</span> <span class='ocrx_word' id='word_1_157' title='bbox 634 2509 673 2564; x_wconf 91' lang='lat' dir='ltr'>et</span> <span class='ocrx_word' id='word_1_158' title='bbox 711 2517 857 2565; x_wconf 76' lang='lat' dir='ltr'>versum</span> <span class='ocrx_word' id='word_1_159' title='bbox 901 2510 1011 2565; x_wconf 88' lang='lat' dir='ltr'>antea</span> <span class='ocrx_word' id='word_1_160' title='bbox 1045 2493 1255 2591; x_wconf 83' lang='lat' dir='ltr'>graviorem</span> <span class='ocrx_word' id='word_1_161' title='bbox 1293 2491 1375 2585; x_wconf 88' lang='lat' dir='ltr'>ipse</span> 
     </span>
     <span class='ocr_line' id='line_1_19' title="bbox 76 2619 1374 2716; baseline -0.001 -23"><span class='ocrx_word' id='word_1_162' title='bbox 76 2620 255 2695; x_wconf 90' lang='lat' dir='ltr'>leviorem</span> <span class='ocrx_word' id='word_1_163' title='bbox 295 2620 471 2711; x_wconf 73' lang='lat' dir='ltr'>reddidit,</span> <span class='ocrx_word' id='word_1_164' title='bbox 515 2636 615 2693; x_wconf 89' lang='lat' dir='ltr'>certe</span> <span class='ocrx_word' id='word_1_165' title='bbox 657 2621 735 2716; x_wconf 94' lang='lat' dir='ltr'>puri</span> <span class='ocrx_word' id='word_1_166' title='bbox 777 2621 887 2693; x_wconf 88' lang='lat' dir='ltr'>iambi</span> <span class='ocrx_word' id='word_1_167' title='bbox 926 2619 1082 2694; x_wconf 88' lang='lat' dir='ltr'>leviores</span> <span class='ocrx_word' id='word_1_168' title='bbox 1123 2634 1220 2703; x_wconf 89' lang='lat' dir='ltr'>sunt,</span> <span class='ocrx_word' id='word_1_169' title='bbox 1265 2643 1374 2715; x_wconf 88' lang='lat' dir='ltr'>quam</span> 
     </span>
     <span class='ocr_line' id='line_1_20' title="bbox 77 2745 1374 2847; baseline -0.002 -24"><span class='ocrx_word' id='word_1_170' title='bbox 77 2751 207 2847; x_wconf 91' lang='lat' dir='ltr'>quibus</span> <span class='ocrx_word' id='word_1_171' title='bbox 235 2749 474 2822; x_wconf 90' lang='lat' dir='ltr'>acerbissima</span> <span class='ocrx_word' id='word_1_172' title='bbox 501 2749 537 2821; x_wconf 89' lang='lat' dir='ltr'>in</span> <span class='ocrx_word' id='word_1_173' title='bbox 556 2749 777 2822; x_wconf 87' lang='lat' dir='ltr'>Mamurram</span> <span class='ocrx_word' id='word_1_174' title='bbox 807 2767 845 2822; x_wconf 92' lang='lat' dir='ltr'>et</span> <span class='ocrx_word' id='word_1_175' title='bbox 870 2749 1073 2823; x_wconf 88' lang='lat' dir='ltr'>Caesarem</span> <span class='ocrx_word' id='word_1_176' title='bbox 1101 2745 1297 2820; x_wconf 90' lang='lat' dir='ltr'>maledicta</span> <span class='ocrx_word' id='word_1_177' title='bbox 1328 2749 1374 2843; x_wconf 91' lang='lat' dir='ltr'>(c.</span> 
     </span>
     <span class='ocr_line' id='line_1_21' title="bbox 79 2876 1375 2975; baseline -0.002 -24"><span class='ocrx_word' id='word_1_178' title='bbox 79 2882 140 2975; x_wconf 85' lang='grc'>29)</span> <span class='ocrx_word' id='word_1_179' title='bbox 172 2895 261 2974; x_wconf 89' lang='lat' dir='ltr'>apte</span> <span class='ocrx_word' id='word_1_180' title='bbox 293 2877 489 2949; x_wconf 94' lang='lat' dir='ltr'>commissa</span> <span class='ocrx_word' id='word_1_181' title='bbox 511 2877 704 2950; x_wconf 81' lang='lat' dir='ltr'>videantur</span> <span class='ocrx_word' id='word_1_182' title='bbox 734 2904 829 2951; x_wconf 90' lang='lat' dir='ltr'>esse.</span> <span class='ocrx_word' id='word_1_183' title='bbox 886 2878 961 2971; x_wconf 77' lang='lat' dir='ltr'>lam</span> <span class='ocrx_word' id='word_1_184' title='bbox 991 2876 1178 2963; x_wconf 87' lang='lat' dir='ltr'>Horatius,</span> <span class='ocrx_word' id='word_1_185' title='bbox 1208 2876 1268 2947; x_wconf 92' lang='lat' dir='ltr'>ubi</span> <span class='ocrx_word' id='word_1_186' title='bbox 1287 2893 1375 2971; x_wconf 91' lang='lat' dir='ltr'>post</span> 
     </span>
    </p>
   </div>
   <div class='ocr_carea' id='block_1_5' title="bbox 71 3154 1378 4615">
    <p class='ocr_par' dir='ltr' id='par_1_5' title="bbox 71 3154 1377 4331">
     <span class='ocr_line' id='line_1_22' title="bbox 185 3154 1370 3227; baseline 0 -22"><span class='ocrx_word' id='word_1_187' title='bbox 185 3156 202 3227; x_wconf 89' lang='lat'>¹)</span> <span class='ocrx_word' id='word_1_188' title='bbox 226 3157 330 3206; x_wconf 81' lang='lat' dir='ltr'>initium</span> <span class='ocrx_word' id='word_1_189' title='bbox 356 3158 424 3221; x_wconf 88' lang='lat' dir='ltr'>quod</span> <span class='ocrx_word' id='word_1_190' title='bbox 449 3157 500 3206; x_wconf 84' lang='lat' dir='ltr'>dixi</span> <span class='ocrx_word' id='word_1_191' title='bbox 528 3171 603 3206; x_wconf 92' lang='lat' dir='ltr'>omne</span> <span class='ocrx_word' id='word_1_192' title='bbox 627 3163 726 3222; x_wconf 91' lang='lat' dir='ltr'>tempus</span> <span class='ocrx_word' id='word_1_193' title='bbox 745 3156 795 3205; x_wconf 82' lang='lat' dir='ltr'>lere</span> <span class='ocrx_word' id='word_1_194' title='bbox 814 3165 873 3206; x_wconf 85' lang='lat' dir='ltr'>ante</span> <span class='ocrx_word' id='word_1_195' title='bbox 892 3155 998 3205; x_wconf 86' lang='lat' dir='ltr'>Castulli</span> <span class='ocrx_word' id='word_1_196' title='bbox 1016 3157 1062 3206; x_wconf 91' lang='lat' dir='ltr'>iter</span> <span class='ocrx_word' id='word_1_197' title='bbox 1083 3155 1228 3219; x_wconf 82' lang='lat' dir='ltr'>Bithyniam</span> <span class='ocrx_word' id='word_1_198' title='bbox 1247 3154 1370 3219; x_wconf 83' lang='lat' dir='ltr'>significo,</span> 
     </span>
     <span class='ocr_line' id='line_1_23' title="bbox 71 3247 1368 3315; baseline -0.003 -15"><span class='ocrx_word' id='word_1_199' title='bbox 71 3266 122 3315; x_wconf 90' lang='lat' dir='ltr'>quo</span> <span class='ocrx_word' id='word_1_200' title='bbox 150 3266 253 3300; x_wconf 87' lang='lat' dir='ltr'>carmen</span> <span class='ocrx_word' id='word_1_201' title='bbox 284 3259 316 3312; x_wconf 93' lang='grc'>52</span> <span class='ocrx_word' id='word_1_202' title='bbox 343 3264 443 3313; x_wconf 87' lang='lat' dir='ltr'>quoque</span> <span class='ocrx_word' id='word_1_203' title='bbox 471 3250 591 3314; x_wconf 90' lang='lat' dir='ltr'>scriptum</span> <span class='ocrx_word' id='word_1_204' title='bbox 619 3263 672 3297; x_wconf 87' lang='lat' dir='ltr'>esse</span> <span class='ocrx_word' id='word_1_205' title='bbox 697 3249 825 3297; x_wconf 88' lang='lat' dir='ltr'>eratione</span> <span class='ocrx_word' id='word_1_206' title='bbox 844 3256 977 3297; x_wconf 85' lang='lat' dir='ltr'>metrorum</span> <span class='ocrx_word' id='word_1_207' title='bbox 998 3259 1110 3314; x_wconf 83' lang='lat' dir='ltr'>apparet.</span> <span class='ocrx_word' id='word_1_208' title='bbox 1146 3247 1237 3311; x_wconf 89' lang='lat' dir='ltr'>Neque</span> <span class='ocrx_word' id='word_1_209' title='bbox 1257 3248 1368 3296; x_wconf 85' lang='lat' dir='ltr'>assentiri</span> 
     </span>
     <span class='ocr_line' id='line_1_24' title="bbox 72 3335 1372 3409; baseline -0.005 -17"><span class='ocrx_word' id='word_1_210' title='bbox 72 3359 174 3409; x_wconf 77' lang='lat' dir='ltr'>possum</span> <span class='ocrx_word' id='word_1_211' title='bbox 194 3335 339 3402; x_wconf 82' lang='lat' dir='ltr'>Scliwabio,</span> <span class='ocrx_word' id='word_1_212' title='bbox 362 3341 404 3405; x_wconf 91' lang='lat' dir='ltr'>qui</span> <span class='ocrx_word' id='word_1_213' title='bbox 422 3358 479 3391; x_wconf 89' lang='lat' dir='ltr'>cum</span> <span class='ocrx_word' id='word_1_214' title='bbox 497 3344 522 3391; x_wconf 92' lang='lat' dir='ltr'>in</span> <span class='ocrx_word' id='word_1_215' title='bbox 540 3342 605 3390; x_wconf 92' lang='lat' dir='ltr'>libro</span> <span class='ocrx_word' id='word_1_216' title='bbox 623 3341 757 3405; x_wconf 89' lang='lat' dir='ltr'>inscripto:</span> <span class='ocrx_word' id='word_1_217' title='bbox 777 3341 960 3402; x_wconf 83' lang='lat' dir='ltr'>Quaestionum</span> <span class='ocrx_word' id='word_1_218' title='bbox 979 3340 1178 3390; x_wconf 81' lang='lat' dir='ltr'>Catullianarum</span> <span class='ocrx_word' id='word_1_219' title='bbox 1197 3340 1260 3388; x_wconf 89' lang='lat' dir='ltr'>liber</span> <span class='ocrx_word' id='word_1_220' title='bbox 1277 3338 1372 3403; x_wconf 89' lang='lat' dir='ltr'>primus</span> 
     </span>
     <span class='ocr_line' id='line_1_25' title="bbox 76 3430 1367 3503; baseline -0.006 -18"><span class='ocrx_word' id='word_1_221' title='bbox 76 3432 174 3503; x_wconf 79' lang='lat' dir='ltr'>(Gissae</span> <span class='ocrx_word' id='word_1_222' title='bbox 197 3433 276 3503; x_wconf 84' lang='lat'>1862)</span> <span class='ocrx_word' id='word_1_223' title='bbox 296 3451 321 3499; x_wconf 89' lang='lat' dir='ltr'>p.</span> <span class='ocrx_word' id='word_1_224' title='bbox 341 3444 373 3497; x_wconf 82' lang='lat'>35</span> <span class='ocrx_word' id='word_1_225' title='bbox 387 3447 446 3496; x_wconf 84' lang='lat'>-44</span> <span class='ocrx_word' id='word_1_226' title='bbox 463 3442 528 3483; x_wconf 89' lang='lat' dir='ltr'>recte</span> <span class='ocrx_word' id='word_1_227' title='bbox 546 3450 631 3483; x_wconf 89' lang='lat' dir='ltr'>eorum</span> <span class='ocrx_word' id='word_1_228' title='bbox 644 3433 792 3482; x_wconf 85' lang='lat' dir='ltr'>sententiam</span> <span class='ocrx_word' id='word_1_229' title='bbox 805 3432 923 3491; x_wconf 73' lang='lat' dir='ltr'>refutarit,</span> <span class='ocrx_word' id='word_1_230' title='bbox 943 3433 986 3496; x_wconf 93' lang='lat' dir='ltr'>qui</span> <span class='ocrx_word' id='word_1_231' title='bbox 1005 3432 1054 3482; x_wconf 90' lang='lat' dir='ltr'>hoc</span> <span class='ocrx_word' id='word_1_232' title='bbox 1073 3446 1173 3481; x_wconf 87' lang='lat' dir='ltr'>carmen</span> <span class='ocrx_word' id='word_1_233' title='bbox 1186 3446 1252 3479; x_wconf 87' lang='lat' dir='ltr'>anno</span> <span class='ocrx_word' id='word_1_234' title='bbox 1265 3430 1367 3478; x_wconf 90' lang='lat' dir='ltr'>demum</span> 
     </span>
     <span class='ocr_line' id='line_1_26' title="bbox 76 3521 1372 3592; baseline -0.006 -15"><span class='ocrx_word' id='word_1_235' title='bbox 76 3539 109 3590; x_wconf 80' lang='lat'>47</span> <span class='ocrx_word' id='word_1_236' title='bbox 123 3545 140 3577; x_wconf 83' lang='lat' dir='ltr'>a</span> <span class='ocrx_word' id='word_1_237' title='bbox 152 3528 213 3577; x_wconf 91' lang='lat' dir='ltr'>Chr.</span> <span class='ocrx_word' id='word_1_238' title='bbox 232 3527 357 3577; x_wconf 87' lang='lat' dir='ltr'>conscribi</span> <span class='ocrx_word' id='word_1_239' title='bbox 369 3528 478 3592; x_wconf 88' lang='lat' dir='ltr'>potuisse</span> <span class='ocrx_word' id='word_1_240' title='bbox 491 3525 672 3576; x_wconf 90' lang='lat' dir='ltr'>contenderunt</span> <span class='ocrx_word' id='word_1_241' title='bbox 692 3539 798 3588; x_wconf 87' lang='lat' dir='ltr'>eamque</span> <span class='ocrx_word' id='word_1_242' title='bbox 816 3526 849 3573; x_wconf 93' lang='lat' dir='ltr'>ob</span> <span class='ocrx_word' id='word_1_243' title='bbox 868 3540 969 3573; x_wconf 79' lang='lat' dir='ltr'>causam</span> <span class='ocrx_word' id='word_1_244' title='bbox 983 3523 1109 3575; x_wconf 85' lang='lat' dir='ltr'>Catullum</span> <span class='ocrx_word' id='word_1_245' title='bbox 1128 3523 1203 3571; x_wconf 90' lang='lat' dir='ltr'>etiam</span> <span class='ocrx_word' id='word_1_246' title='bbox 1222 3530 1276 3570; x_wconf 91' lang='lat' dir='ltr'>tum</span> <span class='ocrx_word' id='word_1_247' title='bbox 1288 3521 1372 3570; x_wconf 83' lang='lat' dir='ltr'>vivum</span> 
     </span>
     <span class='ocr_line' id='line_1_27' title="bbox 76 3613 1374 3683; baseline -0.006 -14"><span class='ocrx_word' id='word_1_248' title='bbox 76 3620 152 3671; x_wconf 77' lang='lat' dir='ltr'>luisse</span> <span class='ocrx_word' id='word_1_249' title='bbox 169 3627 328 3681; x_wconf 82' lang='lat' dir='ltr'>censuetuut,</span> <span class='ocrx_word' id='word_1_250' title='bbox 352 3620 406 3683; x_wconf 92' lang='lat' dir='ltr'>ipse</span> <span class='ocrx_word' id='word_1_251' title='bbox 433 3635 533 3668; x_wconf 89' lang='lat' dir='ltr'>carmen</span> <span class='ocrx_word' id='word_1_252' title='bbox 558 3633 625 3668; x_wconf 89' lang='lat' dir='ltr'>anno</span> <span class='ocrx_word' id='word_1_253' title='bbox 645 3626 676 3679; x_wconf 83' lang='lat'>55</span> <span class='ocrx_word' id='word_1_254' title='bbox 698 3617 750 3665; x_wconf 92' lang='lat' dir='ltr'>sine</span> <span class='ocrx_word' id='word_1_255' title='bbox 767 3617 834 3681; x_wconf 84' lang='lat' dir='ltr'>justa</span> <span class='ocrx_word' id='word_1_256' title='bbox 852 3632 928 3665; x_wconf 83' lang='lat' dir='ltr'>causa</span> <span class='ocrx_word' id='word_1_257' title='bbox 947 3617 1038 3666; x_wconf 86' lang='lat' dir='ltr'>tribuit.</span> <span class='ocrx_word' id='word_1_258' title='bbox 1077 3615 1179 3664; x_wconf 85' lang='lat' dir='ltr'>Cautius</span> <span class='ocrx_word' id='word_1_259' title='bbox 1199 3613 1374 3678; x_wconf 86' lang='lat' dir='ltr'>Westphalius</span> 
     </span>
     <span class='ocr_line' id='line_1_28' title="bbox 77 3705 1373 3778; baseline -0.009 -15"><span class='ocrx_word' id='word_1_260' title='bbox 77 3714 125 3763; x_wconf 83' lang='lat' dir='ltr'>hac</span> <span class='ocrx_word' id='word_1_261' title='bbox 147 3712 253 3778; x_wconf 89' lang='lat' dir='ltr'>quidem</span> <span class='ocrx_word' id='word_1_262' title='bbox 281 3712 306 3760; x_wconf 89' lang='lat' dir='ltr'>iu</span> <span class='ocrx_word' id='word_1_263' title='bbox 325 3727 354 3760; x_wconf 91' lang='lat' dir='ltr'>re</span> <span class='ocrx_word' id='word_1_264' title='bbox 384 3712 435 3775; x_wconf 86' lang='lat' dir='ltr'>egit</span> <span class='ocrx_word' id='word_1_265' title='bbox 462 3708 543 3778; x_wconf 89' lang='lat' dir='ltr'>(cuius</span> <span class='ocrx_word' id='word_1_266' title='bbox 569 3711 661 3759; x_wconf 90' lang='lat' dir='ltr'>librum</span> <span class='ocrx_word' id='word_1_267' title='bbox 686 3709 749 3758; x_wconf 82' lang='lat' dir='ltr'>inira</span> <span class='ocrx_word' id='word_1_268' title='bbox 773 3708 855 3758; x_wconf 88' lang='lat' dir='ltr'>statim</span> <span class='ocrx_word' id='word_1_269' title='bbox 875 3705 997 3774; x_wconf 82' lang='lat' dir='ltr'>afferam),</span> <span class='ocrx_word' id='word_1_270' title='bbox 1024 3710 1066 3771; x_wconf 89' lang='lat' dir='ltr'>qui</span> <span class='ocrx_word' id='word_1_271' title='bbox 1084 3706 1200 3757; x_wconf 87' lang='lat' dir='ltr'>carminis</span> <span class='ocrx_word' id='word_1_272' title='bbox 1221 3715 1254 3768; x_wconf 93' lang='grc'>52</span> <span class='ocrx_word' id='word_1_273' title='bbox 1272 3712 1373 3768; x_wconf 85' lang='lat' dir='ltr'>tempus</span> 
     </span>
     <span class='ocr_line' id='line_1_29' title="bbox 78 3795 1373 3865; baseline -0.008 -9"><span class='ocrx_word' id='word_1_274' title='bbox 78 3806 218 3856; x_wconf 84' lang='lat' dir='ltr'>accuratius</span> <span class='ocrx_word' id='word_1_275' title='bbox 246 3804 445 3853; x_wconf 88' lang='lat' dir='ltr'>circumscribere</span> <span class='ocrx_word' id='word_1_276' title='bbox 470 3820 520 3852; x_wconf 92' lang='lat' dir='ltr'>non</span> <span class='ocrx_word' id='word_1_277' title='bbox 540 3810 644 3850; x_wconf 89' lang='lat' dir='ltr'>conatus</span> <span class='ocrx_word' id='word_1_278' title='bbox 666 3809 718 3857; x_wconf 89' lang='lat' dir='ltr'>est;</span> <span class='ocrx_word' id='word_1_279' title='bbox 737 3816 819 3865; x_wconf 89' lang='lat' dir='ltr'>neque</span> <span class='ocrx_word' id='word_1_280' title='bbox 844 3800 948 3848; x_wconf 92' lang='lat' dir='ltr'>omnino</span> <span class='ocrx_word' id='word_1_281' title='bbox 973 3799 998 3848; x_wconf 89' lang='lat' dir='ltr'>id</span> <span class='ocrx_word' id='word_1_282' title='bbox 1018 3815 1083 3849; x_wconf 88' lang='lat' dir='ltr'>nunc</span> <span class='ocrx_word' id='word_1_283' title='bbox 1102 3797 1154 3845; x_wconf 79' lang='lat' dir='ltr'>sieri</span> <span class='ocrx_word' id='word_1_284' title='bbox 1174 3811 1248 3860; x_wconf 82' lang='lat' dir='ltr'>posse</span> <span class='ocrx_word' id='word_1_285' title='bbox 1266 3795 1373 3846; x_wconf 82' lang='lat' dir='ltr'>videtur.</span> 
     </span>
     <span class='ocr_line' id='line_1_30' title="bbox 78 3886 1374 3958; baseline -0.011 -11"><span class='ocrx_word' id='word_1_286' title='bbox 78 3898 145 3949; x_wconf 80' lang='lat' dir='ltr'>Nam</span> <span class='ocrx_word' id='word_1_287' title='bbox 172 3914 232 3948; x_wconf 87' lang='lat' dir='ltr'>curn</span> <span class='ocrx_word' id='word_1_288' title='bbox 261 3896 314 3946; x_wconf 86' lang='lat' dir='ltr'>Cic.</span> <span class='ocrx_word' id='word_1_289' title='bbox 343 3897 368 3943; x_wconf 93' lang='lat' dir='ltr'>in</span> <span class='ocrx_word' id='word_1_290' title='bbox 387 3896 516 3944; x_wconf 77' lang='lat' dir='ltr'>Vatinium</span> <span class='ocrx_word' id='word_1_291' title='bbox 537 3905 594 3958; x_wconf 74' lang='lat' dir='ltr'>5,ss</span> <span class='ocrx_word' id='word_1_292' title='bbox 617 3894 699 3942; x_wconf 90' lang='lat' dir='ltr'>dicat:</span> <span class='ocrx_word' id='word_1_293' title='bbox 722 3894 903 3955; x_wconf 80' lang='lat' dir='ltr'>»Quaesturam</span> <span class='ocrx_word' id='word_1_294' title='bbox 923 3893 1005 3956; x_wconf 86' lang='lat' dir='ltr'>petisti</span> <span class='ocrx_word' id='word_1_295' title='bbox 1023 3908 1081 3941; x_wconf 90' lang='lat' dir='ltr'>cum</span> <span class='ocrx_word' id='word_1_296' title='bbox 1098 3889 1126 3937; x_wconf 92' lang='lat' dir='ltr'>P.</span> <span class='ocrx_word' id='word_1_297' title='bbox 1146 3887 1235 3947; x_wconf 89' lang='lat' dir='ltr'>Sestio,</span> <span class='ocrx_word' id='word_1_298' title='bbox 1256 3901 1313 3934; x_wconf 87' lang='lat' dir='ltr'>cum</span> <span class='ocrx_word' id='word_1_299' title='bbox 1332 3886 1374 3935; x_wconf 90' lang='lat' dir='ltr'>hic</span> 
     </span>
     <span class='ocr_line' id='line_1_31' title="bbox 79 3978 1372 4055; baseline -0.012 -16"><span class='ocrx_word' id='word_1_300' title='bbox 79 3992 141 4041; x_wconf 91' lang='lat' dir='ltr'>nihil</span> <span class='ocrx_word' id='word_1_301' title='bbox 159 3992 313 4055; x_wconf 85' lang='lat' dir='ltr'>loqueretur,</span> <span class='ocrx_word' id='word_1_302' title='bbox 334 3989 381 4037; x_wconf 89' lang='lat' dir='ltr'>nisi</span> <span class='ocrx_word' id='word_1_303' title='bbox 399 3988 468 4052; x_wconf 91' lang='lat' dir='ltr'>quod</span> <span class='ocrx_word' id='word_1_304' title='bbox 486 3987 588 4052; x_wconf 86' lang='lat' dir='ltr'>agebat,</span> <span class='ocrx_word' id='word_1_305' title='bbox 609 3993 635 4033; x_wconf 92' lang='lat' dir='ltr'>tu</span> <span class='ocrx_word' id='word_1_306' title='bbox 655 3986 687 4034; x_wconf 91' lang='lat' dir='ltr'>de</span> <span class='ocrx_word' id='word_1_307' title='bbox 707 3986 785 4035; x_wconf 84' lang='lat' dir='ltr'>altero</span> <span class='ocrx_word' id='word_1_308' title='bbox 803 3984 934 4034; x_wconf 89' lang='lat' dir='ltr'>consulatu</span> <span class='ocrx_word' id='word_1_309' title='bbox 953 3983 1063 4048; x_wconf 86' lang='lat' dir='ltr'>gerendo</span> <span class='ocrx_word' id='word_1_310' title='bbox 1082 3990 1105 4030; x_wconf 92' lang='lat' dir='ltr'>te</span> <span class='ocrx_word' id='word_1_311' title='bbox 1124 3980 1219 4027; x_wconf 88' lang='lat' dir='ltr'>diceres</span> <span class='ocrx_word' id='word_1_312' title='bbox 1237 3978 1372 4041; x_wconf 62' lang='lat' dir='ltr'>cogitare·</span> 
     </span>
     <span class='ocr_line' id='line_1_32' title="bbox 80 4068 1375 4147; baseline -0.012 -14"><span class='ocrx_word' id='word_1_313' title='bbox 80 4084 148 4147; x_wconf 85' lang='lat' dir='ltr'>quod</span> <span class='ocrx_word' id='word_1_314' title='bbox 167 4084 262 4133; x_wconf 86' lang='lat' dir='ltr'>lactum</span> <span class='ocrx_word' id='word_1_315' title='bbox 282 4089 319 4131; x_wconf 87' lang='lat' dir='ltr'>est</span> <span class='ocrx_word' id='word_1_316' title='bbox 337 4096 403 4130; x_wconf 87' lang='lat' dir='ltr'>anno</span> <span class='ocrx_word' id='word_1_317' title='bbox 422 4080 456 4140; x_wconf 84' lang='lat'>64</span> <span class='ocrx_word' id='word_1_318' title='bbox 475 4098 498 4129; x_wconf 89' lang='lat' dir='ltr'>a.</span> <span class='ocrx_word' id='word_1_319' title='bbox 512 4078 580 4138; x_wconf 91' lang='lat' dir='ltr'>Chr.,</span> <span class='ocrx_word' id='word_1_320' title='bbox 598 4077 652 4141; x_wconf 87' lang='lat' dir='ltr'>jam</span> <span class='ocrx_word' id='word_1_321' title='bbox 664 4085 723 4127; x_wconf 92' lang='lat' dir='ltr'>tunc</span> <span class='ocrx_word' id='word_1_322' title='bbox 735 4077 854 4142; x_wconf 88' lang='lat' dir='ltr'>temporis</span> <span class='ocrx_word' id='word_1_323' title='bbox 868 4075 969 4125; x_wconf 87' lang='lat' dir='ltr'>Catullo</span> <span class='ocrx_word' id='word_1_324' title='bbox 987 4091 1029 4124; x_wconf 88' lang='lat' dir='ltr'>cur</span> <span class='ocrx_word' id='word_1_325' title='bbox 1041 4087 1139 4122; x_wconf 88' lang='lat' dir='ltr'>carmen</span> <span class='ocrx_word' id='word_1_326' title='bbox 1153 4086 1227 4117; x_wconf 86' lang='lat' dir='ltr'>suurn</span> <span class='ocrx_word' id='word_1_327' title='bbox 1250 4068 1375 4125; x_wconf 79' lang='lat' dir='ltr'>scriberet,</span> 
     </span>
     <span class='ocr_line' id='line_1_33' title="bbox 81 4161 1377 4237; baseline -0.012 -12"><span class='ocrx_word' id='word_1_328' title='bbox 81 4191 157 4225; x_wconf 71' lang='lat' dir='ltr'>musa</span> <span class='ocrx_word' id='word_1_329' title='bbox 175 4183 237 4224; x_wconf 83' lang='lat' dir='ltr'>erat.</span> <span class='ocrx_word' id='word_1_330' title='bbox 275 4174 349 4222; x_wconf 88' lang='lat' dir='ltr'>Certe</span> <span class='ocrx_word' id='word_1_331' title='bbox 366 4189 425 4222; x_wconf 90' lang='lat' dir='ltr'>vero</span> <span class='ocrx_word' id='word_1_332' title='bbox 443 4180 502 4221; x_wconf 89' lang='lat' dir='ltr'>ante</span> <span class='ocrx_word' id='word_1_333' title='bbox 530 4173 575 4221; x_wconf 89' lang='lat' dir='ltr'>iter</span> <span class='ocrx_word' id='word_1_334' title='bbox 603 4170 749 4234; x_wconf 80' lang='lat' dir='ltr'>Rithyuium</span> <span class='ocrx_word' id='word_1_335' title='bbox 769 4168 801 4237; x_wconf 85' lang='lat' dir='ltr'>(a.</span> <span class='ocrx_word' id='word_1_336' title='bbox 824 4166 915 4232; x_wconf 80' lang='lat' dir='ltr'>57l56)</span> <span class='ocrx_word' id='word_1_337' title='bbox 934 4166 1098 4231; x_wconf 88' lang='lat' dir='ltr'>compositum</span> <span class='ocrx_word' id='word_1_338' title='bbox 1108 4178 1164 4212; x_wconf 86' lang='lat' dir='ltr'>esse</span> <span class='ocrx_word' id='word_1_339' title='bbox 1183 4162 1242 4210; x_wconf 86' lang='lat' dir='ltr'>inde</span> <span class='ocrx_word' id='word_1_340' title='bbox 1261 4161 1377 4211; x_wconf 87' lang='lat' dir='ltr'>concludi</span> 
     </span>
     <span class='ocr_line' id='line_1_34' title="bbox 81 4265 909 4331; baseline -0.005 -16"><span class='ocrx_word' id='word_1_341' title='bbox 81 4268 166 4329; x_wconf 88' lang='lat' dir='ltr'>dehet,</span> <span class='ocrx_word' id='word_1_342' title='bbox 185 4266 256 4331; x_wconf 86' lang='lat' dir='ltr'>quod</span> <span class='ocrx_word' id='word_1_343' title='bbox 274 4273 363 4331; x_wconf 83' lang='lat' dir='ltr'>postea</span> <span class='ocrx_word' id='word_1_344' title='bbox 381 4273 456 4329; x_wconf 86' lang='lat' dir='ltr'>poeta</span> <span class='ocrx_word' id='word_1_345' title='bbox 474 4274 571 4316; x_wconf 89' lang='lat' dir='ltr'>tantum</span> <span class='ocrx_word' id='word_1_346' title='bbox 589 4265 657 4327; x_wconf 85' lang='lat' dir='ltr'>puris</span> <span class='ocrx_word' id='word_1_347' title='bbox 676 4265 766 4313; x_wconf 78' lang='lat' dir='ltr'>iambis</span> <span class='ocrx_word' id='word_1_348' title='bbox 784 4278 842 4311; x_wconf 84' lang='lat' dir='ltr'>usus</span> <span class='ocrx_word' id='word_1_349' title='bbox 861 4268 909 4311; x_wconf 78' lang='lat' dir='ltr'>est.</span> 
     </span>
    </p>

    <p class='ocr_par' dir='ltr' id='par_1_6' title="bbox 85 4346 1378 4514">
     <span class='ocr_line' id='line_1_35' title="bbox 191 4346 1378 4428; baseline -0.013 -22"><span class='ocrx_word' id='word_1_350' title='bbox 191 4354 211 4428; x_wconf 86' lang='lat'>²)</span> <span class='ocrx_word' id='word_1_351' title='bbox 233 4356 272 4406; x_wconf 83' lang='lat' dir='ltr'>Cl&#39;.</span> <span class='ocrx_word' id='word_1_352' title='bbox 292 4356 540 4422; x_wconf 72' lang='lat' dir='ltr'>Westphal,(2atulls</span> <span class='ocrx_word' id='word_1_353' title='bbox 560 4357 683 4406; x_wconf 88' lang='lat' dir='ltr'>Gedichte</span> <span class='ocrx_word' id='word_1_354' title='bbox 701 4358 727 4406; x_wconf 92' lang='lat' dir='ltr'>in</span> <span class='ocrx_word' id='word_1_355' title='bbox 746 4357 824 4404; x_wconf 86' lang='lat' dir='ltr'>ihrenr</span> <span class='ocrx_word' id='word_1_356' title='bbox 843 4351 988 4415; x_wconf 74' lang='lat' dir='ltr'>geschichtl.</span> <span class='ocrx_word' id='word_1_357' title='bbox 1003 4347 1238 4410; x_wconf 82' lang='lat' dir='ltr'>Zusammenhange</span> <span class='ocrx_word' id='word_1_358' title='bbox 1257 4346 1378 4394; x_wconf 72' lang='lat' dir='ltr'>lihersetzt</span> 
     </span>
     <span class='ocr_line' id='line_1_36' title="bbox 85 4448 786 4514; baseline -0.009 -13"><span class='ocrx_word' id='word_1_359' title='bbox 85 4453 135 4501; x_wconf 85' lang='lat' dir='ltr'>and</span> <span class='ocrx_word' id='word_1_360' title='bbox 153 4453 279 4502; x_wconf 78' lang='lat' dir='ltr'>erlttutert.</span> <span class='ocrx_word' id='word_1_361' title='bbox 317 4452 419 4500; x_wconf 84' lang='lat' dir='ltr'>Breslau</span> <span class='ocrx_word' id='word_1_362' title='bbox 441 4450 515 4512; x_wconf 87' lang='lat'>1867.</span> <span class='ocrx_word' id='word_1_363' title='bbox 535 4467 561 4514; x_wconf 85' lang='lat' dir='ltr'>p.</span> <span class='ocrx_word' id='word_1_364' title='bbox 585 4459 629 4509; x_wconf 84' lang='lat'>¹7¹</span> <span class='ocrx_word' id='word_1_365' title='bbox 651 4464 706 4513; x_wconf 86' lang='lat' dir='ltr'>sqq.</span> <span class='ocrx_word' id='word_1_366' title='bbox 726 4448 786 4508; x_wconf 83' lang='lat'>267.</span> 
     </span>
    </p>

    <p class='ocr_par' dir='ltr' id='par_1_7' title="bbox 192 4541 765 4615">
     <span class='ocr_line' id='line_1_37' title="bbox 192 4541 765 4615; baseline -0.005 -22"><span class='ocrx_word' id='word_1_367' title='bbox 192 4543 212 4615; x_wconf 77' lang='lat'>³)</span> <span class='ocrx_word' id='word_1_368' title='bbox 233 4545 263 4595; x_wconf 89' lang='lat' dir='ltr'>C.</span> <span class='ocrx_word' id='word_1_369' title='bbox 284 4544 423 4609; x_wconf 87' lang='lat' dir='ltr'>Westphal.</span> <span class='ocrx_word' id='word_1_370' title='bbox 443 4544 493 4591; x_wconf 87' lang='lat' dir='ltr'>ibid</span> <span class='ocrx_word' id='word_1_371' title='bbox 512 4559 538 4607; x_wconf 87' lang='lat' dir='ltr'>p.</span> <span class='ocrx_word' id='word_1_372' title='bbox 563 4552 611 4601; x_wconf 82' lang='lat'>192</span> <span class='ocrx_word' id='word_1_373' title='bbox 629 4558 683 4607; x_wconf 84' lang='lat' dir='ltr'>sqq.</span> <span class='ocrx_word' id='word_1_374' title='bbox 706 4541 765 4604; x_wconf 88' lang='lat'>269.</span> 
     </span>
    </p>
   </div>
   <div class='ocr_carea' id='block_1_6' title="bbox 0 0 1567 4838">
    <p class='ocr_par' dir='ltr' id='par_1_8' title="bbox 0 0 1567 4838">
     <span class='ocr_line' id='line_1_38' title="bbox 0 0 1567 4838; baseline 0 0"><span class='ocrx_word' id='word_1_375' title='bbox 0 0 1567 4838; x_wconf 95' lang='lat' dir='ltr'> </span> 
     </span>
    </p>
   </div>
  </div>
 </body>
</html>
