3120 4838
725 244 764 307 33

200 441 412 515 Secundum
432 467 591 519 versum.
624 444 684 537 qui
704 442 912 539 glyconeus
937 442 1065 514 vocari
1095 441 1203 522 solet.
1235 443 1391 516 eundem

87 570 233 641 habes:
270 630 304 645 ..
330 598 572 647 -νν-νν
594 572 691 665 apud
722 572 804 645 Alc.
835 573 876 643 l‘r.
908 597 1008 662 43,2.
1043 590 1101 660 72.
1134 574 1193 645 80.
1251 572 1390 667 Sapph.

90 697 133 769 fr.
178 720 282 789 45.1.
325 705 500 789 46--49,
541 724 658 794 saepe
702 702 801 794 apud
841 699 1138 781 Anacreontern,
1181 725 1203 771 a
1236 724 1392 795 quorum

90 826 238 898 ratione
276 852 342 898 nec
376 842 515 921 poetae
550 828 668 899 Latini
701 827 897 899 recedunt:
930 828 1094 899 Catullus
1126 828 1158 899 in
1192 852 1223 900 c.
1264 833 1391 919 3461,

91 954 275 1027 Horatius
308 955 343 1026 in
376 981 407 1027 c.
437 955 451 1026 l
481 978 514 1045 3.
551 976 585 1046 5.
616 960 649 1025 6.
686 978 857 1045 13-15.
891 978 934 1025 10
967 979 1026 1028 21.
1058 979 1117 1047 23.
1151 980 1207 1044 24.
1240 979 1299 1047 33.
1330 966 1390 1046 30.

90 1082 123 1155 ll
156 1082 418 1173 12.1117.9.
455 1106 511 1155 ιο.
548 1108 603 1174 13.
641 1108 696 1173 15.
739 1088 794 1153 16.
839 1108 894 1171 ¹9·
933 1106 989 1171 24.
1021 1106 1079 1173 25.
1112 1082 1261 1155 28.1V.
1296 1107 1325 1154 1.
1358 1104 1390 1173 3.

92 1232 128 1303 5.
164 1234 222 1281 12.
260 1235 317 1302 13·

202 1388 352 1459 Tertius
380 1412 517 1465 versus.
547 1385 805 1481 asclepiadeus
826 1386 943 1458 minor
970 1385 1029 1458 ille
1049 1390 1263 1483 appellatus.
1292 1386 1392 1482 apud

91 1516 291 1587 Horatium
319 1515 477 1587 omnium
506 1514 811 1609 logaoedicorum
838 1516 1151 1610 lrequentissimus
1178 1516 1214 1587 in
1243 1516 1393 1599 eisdem,

92 1644 225 1739 quibus
269 1644 390 1737 prior,
432 1644 651 1715 carminibus
694 1661 733 1715 et
765 1660 966 1738 praeterea
1001 1645 1036 1716 in
1068 1670 1099 1716 c.
1134 1645 1146 1714 l
1189 1669 1218 1715 1.
1253 1645 1297 1715 lll
1335 1667 1394 1735 3ο.

90 1772 142 1843 IV
172 1774 195 1842 8
227 1787 371 1849 exstat:
427 1772 526 1865 apud
556 1769 737 1843 Catullum
765 1796 836 1841 non
867 1769 1053 1841 invenitur.
1105 1769 1176 1860 Qui
1206 1771 1395 1864 quomodo

88 1927 111 1971 a
139 1900 303 1973 Graecis
332 1899 508 1971 formatus
536 1899 591 1977 sit.
623 1925 703 1970 cum
733 1898 831 1994 apud
851 1898 1128 1969 Anacreontem
1157 1921 1230 1967 non
1259 1912 1392 1977 exstet,

90 2028 332 2124 perspicuum
366 2028 405 2098 fit
439 2056 485 2099 ex

90 2154 172 2228 Ale.
209 2158 254 2231 sr.
292 2180 339 2249 33
383 2149 491 2248 ἦλθες
525 2160 567 2227 ἐκ
599 2156 767 2249 περάτων
803 2162 867 2247 γᾶς
900 2156 1144 2243 ἐλεφαντίνων

91 2285 209 2372 tridui·
238 2293 294 2356 rui
321 2293 442 2373 ξίφεος
466 2287 686 2379 χρνσοὸἐταν
721 2286 812 2374 ἔχων
848 2282 959 2352 ceteri
988 2307 1116 2352 versus
1145 2282 1274 2353 incerti
1300 2299 1394 2354 sunt.

94 2413 136 2487 fr.
166 2436 220 2503 40
248 2420 422 2505 πίνωμεν,
452 2414 492 2483 τὸ
520 2413 587 2505 γὰρ
615 2411 749 2505 riorptu·
775 2414 1015 2505 περιτέλλεται

95 2540 136 2614 sr.
170 2542 256 2620 81,2
288 2540 436 2632 κινήσας
463 2541 528 2611 τὸν
555 2538 613 2611 (ἐπ’
640 2545 719 2633 long
745 2537 896 2610 πῦκινον
923 2542 1037 2611 tillon

96 2668 241 2764 Sapph.
271 2669 312 2741 fr.
345 2678 424 2760 56,1
457 2668 678 2769 (Hermanni
706 2668 968 2739 emendatione
997 2664 1171 2766 recepta)

97 2813 199 2887 φαῖσι
228 2796 273 2889 δή
301 2794 383 2867 :roll'
411 2793 467 2867 ὕπ’
495 2794 640 2867 ἀνθέων
670 2793 889 2867 luzulloun·

98 2926 225 3017 Λήδαν
254 2921 343 2996 uitur·
369 2921 485 3017 alpan-
511 2927 794 3017 aaauxadpr‘vor.

207 3130 265 3202 Ex
292 3130 348 3201 his
376 3145 533 3225 apparet
559 3156 703 3202 versum
733 3130 832 3225 apud
860 3129 1032 3201 Graecos
1071 3128 1241 3199 continuo
1271 3126 1399 3198 ordine

100 3260 180 3330 sine
215 3282 371 3330 caesura
408 3258 627 3329 decurrisse.
684 3258 824 3329 Contra
858 3257 1032 3328 Horatius
1074 3273 1162 3351 post
1202 3254 1394 3326 dimetrum

101 3383 325 3482 dactylicum
353 3383 608 3479 riouvrlpllqror·
643 3386 677 3458 in
713 3385 907 3457 carminum
935 3382 956 3456 l.
985 3385 1095 3455 l—lll
1132 3408 1283 3478 semper
1320 3405 1400 3452 cae-

103 3539 226 3587 suram
256 3514 394 3586 effecit:
438 3512 760 3618 ..--r·t·t-{—
782 3512 983 3601 νν-ν-ἷι,
1013 3512 1082 3583 sed
1117 3527 1253 3606 postea
1287 3509 1322 3580 in
1349 3508 1400 3579 lV

101 3643 194 3715 libro
221 3642 316 3714 hanc
343 3638 475 3739 legem,
504 3667 727 3737 quamquam
754 3666 828 3713 non
856 3664 1006 3735 prorsus
1036 3638 1176 3722 omisit,
1204 3637 1318 3709 minus
1349 3638 1399 3708 di-

102 3770 262 3865 ligenter
287 3786 412 3841 tamen
447 3770 683 3856 observavit,
721 3771 751 3841 si
780 3768 928 3864 quidem
959 3791 989 3839 c.
1017 3766 1066 3838 IV
1097 3768 1180 3855 8,17
1224 3790 1318 3837 »non
1352 3763 1401 3835 in-

104 3899 234 3971 cendia
272 3897 508 3993 Carthaginis
549 3898 705 3993 impiae«
750 3896 909 3991 scripsit,
951 3920 1063 3991 quem
1102 3918 1248 3966 versum
1276 3892 1404 3964 iniuria

104 4025 190 4097 inde
231 4051 252 4095 a
296 4024 464 4097 Bentleio
505 4051 528 4097 a
568 4025 755 4121 plerisque
797 4023 880 4095 viris
929 4022 1052 4094 doctis
1098 4018 1260 4093 deletum
1305 4045 1403 4109 esse,

106 4154 357 4247 Haeussner1)
383 4168 468 4224 ante
488 4153 558 4224 hos
579 4168 752 4247 quattuor
771 4175 885 4223 annos
903 4148 1107 4223 luculenter
1126 4149 1404 4223 demonstrauit.

219 4446 239 4517 ¹)
261 4446 409 4495 Ilaeussner
437 4446 478 4495 De
503 4446 567 4495 Hor.
593 4445 731 4494 carminum
757 4445 812 4494 libri
836 4444 916 4507 quarti
939 4449 1036 4491 octavu.
1080 4443 1165 4506 Progr.
1190 4442 1311 4505 Freiburg
1332 4438 1411 4500 1876,

103 4560 126 4607 p.
146 4556 209 4605 7-
228 4540 269 4590 16.

1224 4637 1248 4687 ‘d
