3120 4838
643 250 855 315 ..39-

167 420 278 487 diente
295 422 489 501 dictumest,
513 422 669 490 Varronis
684 422 722 488 fr.
735 444 766 505 p.
776 424 837 486 261
859 420 1001 499 ,scabens
1016 427 1113 504 caput
1132 442 1212 485 novo
1231 426 1327 504 partu

166 530 317 612 poetieo‘,
340 530 443 595 Persii
457 529 488 597 V
504 532 565 595 162
589 530 734 611 ,crudum
756 552 895 613 unguem
916 528 1085 594 abrodens‘
1109 528 1149 593 do
1174 528 1320 612 zelotypo
1351 514 1357 541 '

168 638 315 717 dicentis
331 639 479 703 similium
492 640 688 704 locutionum
702 638 796 724 ,χτὶλη
812 634 943 703 δάκνειν
953 642 984 719 1),
1008 639 1158 722 γλῶτταν
1174 637 1327 717 ddxvav‘,

168 744 210 809 de
232 744 477 829 haesitantibus,
507 747 547 812 de
573 747 663 811 iratis
688 752 914 831 usurpatorum
934 746 1121 811 reeordatus
1147 745 1209 810 eris
1219 744 1256 831 ²),
1287 765 1328 809 ne

167 853 255 919 hano
274 854 403 937 quidem
424 855 661 920 similitudinem
680 856 767 920 casui
788 854 929 920 tribuere
946 854 1107 920 dubitabis
1116 858 1150 940 ³).

275 960 376 1044 Apud
390 962 565 1027 Horatium
586 963 619 1027 in
640 963 730 1027 initio
752 964 830 1028 artis
847 965 992 1046 poeticae
1008 965 1214 1051 scriptausunt
1231 966 1329 1032 haec:

170 1070 198 1133 si
221 1071 294 1153 quis
315 1072 419 1154 pictor
439 1078 616 1136 monstrum
639 1073 685 1137 ita
707 1072 862 1151 formavit,
886 1078 923 1137 ut
944 1079 1041 1157 caput
1061 1079 1200 1138 sumeret
1222 1095 1242 1137 a
1262 1073 1326 1137 for-

170 1200 263 1243 mosa
285 1180 427 1262 muliere,
450 1181 604 1246 columem
626 1180 667 1245 ab
688 1203 780 1264 equo,
803 1181 939 1246 caudam
961 1183 1089 1265 apiscc,
1107 1188 1214 1247 cetera
1230 1203 1327 1246 mem-

170 1285 233 1350 bra
260 1288 356 1353 variis
383 1289 499 1372 plumis
528 1289 641 1353 induta
669 1288 710 1352 ab
740 1290 811 1355 aliis
841 1290 1040 1369 animalibus,
1074 1291 1172 1355 risum
1203 1294 1324 1366 movet;

171 1415 275 1477 aeque
302 1395 472 1461 ridiculum
502 1403 551 1462 est
575 1417 690 1480 poema
718 1418 781 1461 nou
813 1420 851 1464 ex
880 1400 965 1482 aptis
994 1398 1139 1483 partibus
1168 1404 1325 1463 constans.

169 1502 275 1586 Apud
307 1502 487 1570 Lucianum
519 1507 615 1590 imag.
644 1511 680 1590 5,
708 1507 763 1572 ubi
796 1507 944 1591 Lycinus,
977 1507 1144 1590 pulchram
1176 1506 1326 1571 feminam

172 1610 404 1696 descripturus,
434 1615 664 1698 pulcherrimas
696 1624 806 1700 partes
832 1616 1116 1700 pulcherrimorum
1142 1616 1325 1697 Praxitelis,

171 1718 371 1802 Alcamenis,
395 1720 577 1803 Calamidis
602 1723 737 1789 Phidiae
760 1745 891 1807 operum
912 1725 945 1787 in
965 1745 1061 1788 unam
1078 1723 1327 1805 concinnamque

170 1828 345 1911 imaginem
364 1850 384 1893 a
404 1831 528 1895 ratione
550 1832 696 1915 componi
718 1832 794 1911 vult,
823 1831 1026 1915 Polystratus
1048 1831 1219 1915 respondet
1247 1830 1327 1895 haec

172 1924 219 2015 ,εὖ
248 1934 348 2020 λέγεις
369 1939 432 2001 ’καὶ
460 1934 499 2024 δὴ
527 1936 731 2023 παραλαβών
760 1933 930 2005 δεικνύτω.
979 1936 1087 2004 ἐθέλοι
1115 1934 1176 2024 γὰρ
1193 1938 1326 2003 ·ει’δε’ναι

172 2036 202 2116 ὅ,
220 2068 253 2108 τι
275 2046 330 2109 καὶ
348 2039 499 2131 χρήσεται
521 2044 635 2124 αὐτοῖς
656 2042 676 2132 ἢ
697 2040 790 2125 ὅπως
811 2047 848 2112 ἐκ
870 2043 1040 2113 τοσούτων
1063 2049 1138 2131 μίαν
1158 2071 1230 2112 τινα
1252 2064 1327 2112 συν-

172 2154 244 2230 θεὶς
262 2147 325 2217 oria
346 2148 538 2243 (ἐπᾴδουσαν
561 2150 794 2241 ιῖπεργάστταιῆ
839 2156 961 2223 Similia
988 2158 1021 2220 in
1051 2157 1099 2221 his
1127 2155 1230 2221 verbis
1262 2156 1326 2221 duo

172 2262 298 2328 insunt:
339 2264 423 2345 quod
467 2264 505 2328 de
546 2266 646 2329 mixta
679 2265 819 2348 quadam
852 2270 948 2346 atque
980 2265 1156 2347 composita
1188 2265 1327 2346 imagine

172 2370 282 2453 agitur
304 2376 337 2435 et
357 2371 444 2454 quod
465 2374 661 2437 concinnitas
684 2374 843 2455 quaedam
866 2373 930 2436 sire
952 2373 1049 2455 ipsius
1079 2372 1126 2435 rei
1153 2371 1218 2435 sive
1247 2371 1325 2453 eiuS,

173 2498 312 2561 ‹luacum
328 2488 515 2562 comparata
534 2488 590 2557 est,
612 2481 801 2564 postulatur.
838 2478 983 2563 Qiiarum
998 2478 1238 2542 similitudinum
1253 2500 1326 2542 cum

172 2586 262 2664 haec,
294 2609 375 2670 qnae
398 2610 436 2652 ex
458 2590 528 2672 ipsa
552 2590 669 2673 incepti
691 2596 808 2653 natura
828 2588 979 2670 sequitur,
1009 2587 1098 2651 nihili
1127 2584 1326 2651 aestimanda

173 2696 224 2777 sit,
256 2704 363 2761 manet
384 2697 447 2775 illa,
484 2697 570 2780 quod
600 2697 639 2762 de
669 2698 808 2780 imagine
837 2717 876 2760 ex
897 2695 991 2759 varus
1021 2694 1116 2760 rebus
1150 2695 1326 2777 composita

172 2808 307 2887 uterque
330 2803 415 2871 dicit.
446 2804 487 2868 In
503 2805 564 2869 hac
580 2810 686 2870 autem
701 2804 838 2888 imagine
853 2801 1063 2867 describenda
1077 2824 1149 2866 cum
1163 2800 1326 2865 Lucienus

174 2931 208 2975 se
229 2916 304 2993 (non
319 2912 514 2996 Menippmn,
539 2913 605 2993 sed)
622 2912 801 2977 Homerum
823 2912 981 2975 imitatum
1002 2932 1070 2975 esse
1090 2911 1209 2994 apertis
1223 2909 1326 2974 verbis

175 3020 357 3106 declarem),
388 3043 429 3085 ne
451 3020 626 3086 Horatium
649 3020 777 3105 quidem
798 3020 859 3084 hoc
880 3019 949 3083 loeo
971 3018 1157 3103 Menippum
1184 3024 1327 3083 secutum

175 3150 242 3193 esse
263 3128 411 3196 dicemus.

275 3336 296 3401 1)
316 3330 417 3388 ἑαυτὸν
444 3334 556 3387 δάκνειν
577 3333 767 3403 Aristophanes
795 3352 848 3389 ran.
872 3334 913 3399 -13,
936 3350 1008 3402 vesp.
1036 3336 1085 3389 778
1112 3353 1158 3404 pro
1187 3336 1252 3401 ,sich
1279 3337 1327 3391 das

176 3426 277 3482 Lachen
296 3427 456 3481 rerbeissen‘
473 3425 588 3479 adhibet.

274 3516 296 3587 9)
313 3518 361 3573 cfr.
378 3518 514 3587 Wyttenb.
535 3516 568 3569 ad
586 3518 688 3584 lhinap.
707 3534 732 3584 p.
753 3520 811 3582 lori,
830 3519 949 3571 Boisson.
964 3535 988 3586 p.
1007 3518 1065 3570 348.

276 3607 296 3677 ³)
316 3610 362 3663 eir.
382 3608 462 3661 etiam
481 3606 593 3670 Quintil.
612 3607 636 3659 X
657 3608 681 3670 3,
702 3608 750 3673 21;
769 3608 809 3661 XI
828 3610 851 3673 3,
873 3608 926 3660 158.

275 3700 296 3767 ⁴)
315 3716 362 3768 pro
380 3700 459 3767 imag.
469 3699 516 3752 '242
536 3694 571 3763 ,εἰ
587 3694 616 3749 di
632 3696 678 3749 καὶ
696 3690 721 3763 d,
741 3718 763 3749 τι
783 3698 898 3764 μάλιστα
918 3715 946 3750 σε
965 3696 1061 3757 αὐτοῖς
1079 3697 1193 3756 ἐκείναις
1210 3704 1256 3759 (sc.
1267 3702 1326 3757 ταῖς

178 3788 263 3857 θεαῖς)
290 3789 394 3847 εἴκασα,
420 3784 472 3840 οὐκ
498 3784 564 3854 ἐμὸν
584 3791 674 3849 τοῦτο,
701 3784 759 3839 οὐδ’
788 3781 838 3855 ἐγώ
865 3792 972 3852 πρῶτος
993 3785 1094 3853 ταύτην
1117 3781 1248 3853 ἐτεμόμην
1277 3784 1327 3853 την

181 3872 249 3947 ὁδόν,
267 3876 335 3931 oillei
355 3879 453 3932 πολλοὶ
470 3879 517 3930 καὶ
526 3877 629 3945 ἀγαθοὶ
640 3881 761 3946 ποιηταί,
778 3880 825 3931 καὶ
835 3878 948 3945 μάλιστα
961 3876 975 3931 ὁ
988 3873 1124 3944 πολίτηςὸ
1138 3871 1327 3944 σὸς”Ομηρος“,

179 3967 209 4019 25
231 3968 284 4033 ‚lut
306 3969 354 4035 μέν
375 3987 404 4036 γε
428 3970 477 4021 τοῦ
497 3964 691 4036 Ἀγαμέμνονος
715 3962 770 4031 ὅρα
793 3963 860 4034 ὅσην
883 3965 969 4029 αὐτὸς
992 3971 1018 4037 (ἰ.
1044 3985 1064 4022 ο.
1081 3961 1213 4033 Ὄμηρος)
1240 3967 1326 4031 φειδώ

181 4050 320 4126 ἐποιήσατο
339 4063 395 4113 τῶν
411 4062 496 4126 θεῶν,
518 4061 564 4112 καὶ
581 4058 618 4121 οἱς
636 4057 812 4126 ἐταμιεύσατο
830 4056 879 4120 τὰς
897 4058 1004 4120 εἰκόνας
1022 4058 1050 4117 ἐς
1069 4053 1099 4108 td
1118 4055 1277 4124 σύμμετρον,
1296 4055 1327 4120 ὃς

181 4141 279 4212 ὄμματα
295 4148 343 4215 μὲν
361 4166 431 4217 φησι
450 4151 493 4218 (ΙΙ.
513 4151 539 4202 ΙΙ
557 4150 615 4214 478,
633 4152 694 4209 479)
714 4149 760 4200 καὶ
778 4147 901 4215 κεφαλὴν
920 4151 1009 4201 ι’κελον
1024 4143 1109 4199 αὐτὸν
1127 4143 1195 4198 εἶναι
1215 4152 1251 4213 τῷ
1270 4154 1325 4213 Διί,

182 4234 287 4301 tollium
307 4237 337 4293 ot
354 4237 404 4306 triv
423 4239 521 4306 ζώνην,
547 4241 658 4302 στέρνον
677 4237 706 4292 di
724 4241 761 4304 τῷ
779 4240 941 4309 Ποσειδῶνι,
964 4242 1077 4303 διαιρῶν
1099 4235 1147 4288 τὸν
1173 4234 1326 4305 ἄνθρωπον

184 4326 246 4381 κατὰ
261 4328 325 4401 μέλη
345 4329 415 4396 πρὸς
435 4328 573 4383 τοσούτων
591 4333 664 4385 θεῶν
682 4328 807 4392 εἰκόνας.
