3120 4838
805 197 845 276 56

178 436 286 487 verse
320 411 473 509 addunt)
507 411 619 485 etiam
652 427 729 486 tres
767 411 1000 486 choriambos
1035 435 1106 484 uno
1135 436 1245 484 versu
1275 411 1480 506 copulatos

180 540 318 614 induxit
342 555 525 614 mutuatus
553 539 591 613 id
620 564 769 636 quoque
798 541 845 613 ab
864 537 1044 614 Alcaeo«.
1091 539 1201 612 Caes.
1223 538 1327 610 Bass.
1361 562 1379 609 2
1387 559 1478 631 59‚4

182 665 264 743 coll.
307 689 457 761 259,30.
513 667 647 764 Neque
687 668 836 741 omnino
873 668 1028 765 Sappho
1069 668 1162 745 haec
1204 666 1368 738 carmina
1408 690 1480 739 sua

180 796 369 890 μονόκωλα
396 820 482 869 esse
511 792 643 885 voluit,
679 795 748 868 sed
784 821 853 892 per
877 796 1043 869 binorum
1072 819 1239 867 versuum
1265 810 1480 887 systemata
1552 806 1556 815 '

180 922 385 1020 composuit
416 938 515 996 teste
542 922 750 1020 Hephaest.
789 950 819 996 c.
860 943 902 1014 17
939 949 973 1019 p.
1009 932 1060 995 60
1086 922 1146 997 W.
1182 918 1263 997 coll.
1293 947 1324 997 c.
1362 945 1411 994 10
1437 948 1477 1018 p.

184 1073 229 1147 35
259 1051 318 1127 W.
348 1067 385 1125 et
411 1077 441 1124 c.
473 1077 490 1122 2
522 1077 557 1148 p.
588 1057 634 1145 65
666 1050 726 1125 W.
782 1050 896 1145 Quod
928 1051 959 1124 si
988 1048 1153 1124 Alcaeus
1187 1074 1338 1146 quoque
1366 1049 1478 1123 fecis-

109 1198 112 1207 '
181 1196 251 1270 set,
279 1179 350 1255 iam
378 1203 469 1251 vero
498 1178 540 1263 si,
568 1180 671 1275 quod
697 1178 762 1252 viri
790 1178 889 1252 docti
922 1176 1081 1251 nonnulli
1109 1203 1304 1274 perperam
1334 1178 1481 1273 opinati

180 1323 272 1392 sunt,
300 1331 368 1404 per
396 1324 655 1405 quaternorum
683 1331 850 1380 versuum
875 1305 1047 1401 strophas
1083 1306 1176 1379 haec
1209 1305 1368 1379 carmina
1408 1331 1480 1378 sua

181 1434 432 1531 disposuisset,
461 1434 720 1534 Hephaestion
746 1433 783 1507 id
811 1459 885 1507 non
913 1433 1033 1530 potuit
1060 1459 1133 1506 non
1162 1457 1477 1508 commemorare.

286 1562 424 1638 Verum
453 1561 556 1655 alius,
585 1589 631 1638 ne
659 1564 751 1636 hunc
781 1561 950 1635 omisisse
972 1561 1100 1635 videar
1128 1561 1176 1634 de
1205 1587 1252 1634 ea
1280 1587 1320 1634 re
1349 1577 1480 1635 exstat

179 1691 282 1775 locus¹
307 1689 394 1766 Atil.
424 1692 572 1766 Fortun.
604 1712 745 1784 295,20
781 1716 882 1786 sqq.;
919 1690 982 1763 ubi
1014 1690 1049 1762 in
1084 1688 1273 1762 codicibus
1300 1688 1398 1764 haec
1425 1690 1477 1763 in-

179 1817 394 1897 veniuntur:
435 1820 738 1918 »Asclepiadeon
773 1834 926 1892 metrum
963 1832 1154 1907 vocatur,
1174 1840 1249 1889 non
1284 1815 1391 1913 quod
1418 1843 1477 1891 re·

179 1960 310 2041 pertor
336 1947 414 2021 eius
441 1947 685 2045 Asclepiades
717 1947 839 2031 suerit,
875 1945 943 2021 scd
981 1945 1086 2041 quod
1120 1930 1171 2018 eo
1198 1943 1407 2018 familiarius
1438 1963 1479 2020 et

180 2072 406 2169 frequentius
434 2076 482 2150 sit
508 2102 606 2151 usus.
636 2092 722 2150 ante
749 2076 848 2148 illum
876 2073 971 2146 enim
1000 2073 1053 2145 usi
1073 2069 1235 2146 Alcaeus
1262 2088 1300 2145 ct
1319 2072 1479 2170 Sappho

180 2199 252 2275 hoc
285 2201 431 2303 integro
472 2230 540 2278 usa
578 2219 638 2279 est
676 2204 724 2299 (in
759 2202 844 2275 add.
879 2204 910 2297 ς)
954 2198 1047 2273 libro
1081 2201 1207 2296 quinto
1241 2200 1335 2274 inter
1366 2201 1480 2277 binos

180 2354 308 2403 versus
338 2331 536 2405 decurrunt
568 2331 700 2407 melica
733 2329 973 2428 systematica
1003 2304 1085 2402 sunt
1117 2333 1203 2423 (om.
1233 2332 1264 2424 ς)
1301 2328 1379 2403 hoc
1418 2348 1482 2407 est

184 2460 269 2553 (om.
299 2462 330 2554 ς)
372 2460 465 2535 binis
504 2459 563 2534 vel
602 2461 717 2535 tribus
756 2463 815 2534 vel
857 2457 1029 2556 quattuor
1062 2457 1228 2530 versibus
1268 2475 1476 2533 constant.‹

183 2585 291 2679 Quae
326 2589 442 2661 verba
475 2613 558 2661 cum
592 2604 722 2687 aperte
761 2602 934 2684 corrupta
967 2585 1053 2675 sint,
1087 2585 1150 2658 viri
1186 2585 1287 2658 docti
1325 2587 1479 2662 diversa

181 2713 324 2788 ratione
342 2714 526 2789 medelam
558 2716 600 2789 iis
635 2702 769 2791 afferre
801 2729 989 2789 conantur.
1044 2711 1123 2786 Sed
1156 2713 1353 2809 Bergkium
1371 2713 1401 2818 ¹)
1439 2733 1481 2791 et

184 2841 373 2917 Hertzium
400 2869 598 2941 perperam
626 2844 848 2930 coniecisse,
873 2843 902 2916 si
928 2842 1075 2938 quidem
1102 2865 1184 2913 eam
1214 2838 1363 2915 eliciunt
1389 2870 1477 2917 sen·

182 2969 342 3059 tentiam,
371 2970 517 3045 Horatii
546 2997 695 3046 carmen
714 2972 877 3046 binorum
895 2994 1063 3043 versuum
1083 2969 1243 3065 strophis
1263 2970 1476 3060 decurrere,

182 3098 283 3192 quod
310 3095 406 3172 nullo
434 3099 546 3172 modo
573 3100 656 3173 ferri
684 3124 810 3196 posse,
840 3098 979 3173 Keilius
1007 3113 1109 3171 recte
1137 3097 1285 3172 monuit.
1334 3098 1477 3198 Neque

182 3239 304 3298 tamen
332 3226 432 3322 quod
460 3228 541 3323 ipse
574 3228 785 3324 proposuit,
824 3224 1018 3324 probabile
1049 3222 1108 3297 vel
1142 3226 1371 3299 tolerandum
1400 3246 1474 3321 cst,

181 3354 249 3426 sed
291 3352 509 3450 tautologia,
553 3380 663 3451 quam
704 3354 847 3429 effecit:
877 3355 989 3441 „inter
1016 3352 1120 3426 binos
1152 3349 1230 3431 <vel
1259 3367 1385 3428 ternos
1414 3360 1477 3431 vel

182 3495 401 3576 quaternos>
434 3508 563 3557 versus
592 3484 790 3558 decurrunt
816 3481 961 3556 melica:
997 3481 1235 3575 systematica
1262 3496 1363 3572 sunt,
1400 3482 1476 3559 hoc

181 3624 240 3680 est
278 3608 371 3682 binis
408 3606 468 3682 vel
508 3610 622 3684 tribus
661 3608 719 3684 vel
761 3625 937 3707 quattuor
977 3608 1146 3681 versibus
1187 3623 1381 3682 constant‘
1424 3614 1476 3686 ab

183 3733 280 3810 Atilii
311 3736 494 3811 brevitate
530 3763 682 3834 prorsus
717 3737 901 3810 abhorret.
955 3736 1004 3809 Et
1037 3750 1151 3809 totum
1187 3736 1356 3809 mendum
1395 3754 1476 3815 tam

179 3862 362 3960 singulare
397 3866 513 3959 (certe
548 3864 721 3960 equidem
763 3862 877 3937 simile
919 3865 1019 3960 apud
1051 3863 1197 3937 Atilium
1229 3887 1305 3936 non
1338 3865 1476 3967 inveni)

179 4007 218 4063 et
251 3989 512 4064 sententiarum
554 4017 667 4067 nexus
710 4009 786 4066 tam
827 3991 1024 4088 impeditus
1065 4006 1138 4080 est,
1173 4008 1212 4064 ut
1245 3991 1308 4063 vix
1343 3993 1477 4072 facere

177 4144 290 4214 posse
331 4119 543 4209 videamur,
586 4121 672 4216 quin
711 4120 806 4193 haec
841 4146 862 4192 c
897 4119 1040 4192 duobus
1072 4118 1230 4191 sontibus
1268 4118 1477 4221 desumpta

177 4264 443 4273 *Μ

289 4313 306 4384 ¹)
326 4316 428 4382 Bergkii
454 4316 689 4367 commentationem
712 4314 883 4366 academicam
907 4314 1022 4365 beneficii
1048 4314 1266 4366 Thielemanniani
1291 4316 1351 4381 lege
1376 4320 1478 4374 editam

178 4408 251 4458 Halis
281 4406 357 4471 1863,
387 4409 413 4456 in
440 4424 491 4471 qun
508 4408 578 4456 Atilii
606 4410 682 4460 verbu
709 4424 797 4459 sanare
824 4414 927 4457 conatus
945 4413 989 4468 est,
1017 4408 1079 4458 mihi
1105 4415 1202 4472 praesto
1220 4423 1271 4457 non
1289 4408 1368 4460 fuisse
1387 4414 1475 4469 doleo.

175 4499 311 4566 Bergkium
330 4500 445 4551 Hertzius
462 4500 488 4553 in
506 4499 626 4553 Fleckeis.
645 4503 734 4558 annal.
757 4498 824 4550 1866
842 4516 865 4570 p.
888 4500 939 4568 580
957 4501 1066 4551 maxima
1084 4508 1201 4570 exparte
1219 4506 1319 4553 secutus
1338 4513 1388 4568 est,
