3120 4838
812 223 855 288 70

771 522 899 629 Vita.

293 749 487 824 Carolus
517 752 643 823 Bock
672 768 778 824 natus
806 775 883 822 sum
913 751 1135 848 Ratzeburgi
1164 751 1196 821 in
1224 750 1314 821 urbe
1334 750 1486 820 Lauen-

185 878 360 973 burgensi
403 879 520 973 pridie
562 877 639 952 Cal.
671 878 789 951 Maias
832 878 912 950 anni
954 905 991 973 p.
1035 877 1120 961 Chr,
1161 902 1194 949 n.
1243 878 1341 967 1858
1374 891 1488 972 patre

188 1004 403 1090 Christiano
443 1022 662 1090 mercatore,
703 1005 801 1077 urbis
827 1005 967 1100 patriae
997 1022 1186 1091 senatore,
1214 1020 1333 1075 matre
1361 1003 1488 1076 Maria

185 1148 347 1227 egente
375 1132 518 1220 Frahm,
547 1159 641 1228 quos
669 1134 799 1205 ambos
828 1132 1046 1228 superstites
1076 1159 1161 1205 esse
1189 1130 1350 1229 gaudeo.
1383 1131 1482 1204 Con-

186 1259 384 1332 sessionem
414 1261 592 1355 profiteor
620 1260 882 1355 evangelicam.

291 1385 512 1483 Disciplinae
545 1387 694 1485 puerilis
727 1388 832 1461 initiis
868 1387 1025 1460 imbutus
1055 1412 1187 1460 novem
1216 1411 1335 1459 annos
1366 1404 1481 1463 natus

185 1515 221 1587 in
247 1518 475 1613 gymnasium
505 1518 810 1611 Ratzeburgense
840 1530 1013 1610 receptus
1034 1541 1123 1589 sum.
1163 1514 1272 1587 Cuius
1294 1514 1485 1611 deinceps

186 1644 372 1718 ordinibus
415 1645 598 1741 superatis
638 1642 852 1716 maturitatis
893 1642 994 1739 quod
1036 1660 1189 1715 vocatur
1230 1640 1485 1719 testimonium

186 1770 344 1866 adeptus
371 1799 459 1846 vere
489 1772 569 1844 anni
604 1774 701 1861 1876
731 1770 869 1843 civibus
897 1771 1118 1843 academicis
1152 1769 1485 1866 Marburgensibus

186 1899 369 1994 ascriptus
398 1926 486 1974 sum.

289 2027 438 2101 Deinde
465 2053 533 2123 per
562 2044 619 2101 ter
647 2052 715 2100 sex
731 2050 878 2099 menses
898 2024 1098 2121 Marburgi,
1127 2048 1193 2120 per
1219 2041 1396 2118 posteros
1416 2027 1476 2101 bis

104 2178 108 2193 ’
184 2178 252 2227 sex
280 2154 448 2255 Lipsiae,
490 2181 559 2251 per
587 2155 643 2227 bis
670 2180 736 2227 sex
763 2153 1002 2249 insequentes
1038 2176 1183 2226 menses
1212 2152 1422 2250 Gottingae
1450 2155 1487 2228 in

184 2280 304 2355 studia
323 2282 467 2355 incubui
486 2282 659 2378 imprimis
678 2280 913 2376 philologica‚
943 2276 1130 2375 aliquanto
1160 2279 1272 2351 minus
1301 2280 1486 2356 historica

184 2414 230 2483 et‘
263 2408 532 2507 philosophica.
605 2408 792 2503 Magistris
838 2434 925 2481 usus
972 2433 1050 2480 sum
1094 2407 1237 2479 Caesar
1266 2407 1399 2480 Cohen
1444 2411 1487 2484 L.

184 2536 351 2610 Schmidt
405 2539 530 2610 Lucae
571 2537 707 2609 Nissen
747 2534 1093 2633 Marburgensibus‚
1144 2533 1268 2607 Arndt
1309 2534 1486 2610 Brandes

184 2665 328 2739 Braune
363 2664 410 2740 G.
426 2664 585 2738 *Curtius
613 2662 773 2735 Edzardi
808 2663 947 2736 Heinze
976 2663 1106 2758 Lange
1132 2661 1276 2757 Lipsius
1303 2662 1484 2738 Ribbeck

184 2791 325 2886 Seydel
366 2791 533 2865 Zarncke
568 2790 839 2888 Lipsiensibus,
882 2791 1071 2864 Baumann
1111 2789 1169 2863 W.
1199 2788 1331 2863 Miiller
1374 2791 1482 2866 Pauli

185 2919 334 3015 Sauppe
364 2919 682 3015 Gottingensibus.
738 2918 929 2991 Seminarii
957 2916 1169 3015 philologici
1196 2918 1483 3015 Marburgensis

184 3058 253 3141 per
279 3062 336 3120 ter
378 3073 457 3133 seX,
485 3047 687 3143 Lipsiensis
714 3070 783 3142 per
811 3071 878 3119 sex
897 3070 1057 3135 menses,
1085 3044 1263 3118 seminarii
1282 3044 1483 3124 Theutisci

184 3172 462 3271 llllarburgensis
488 3200 557 3270 per
583 3190 638 3248 ter
680 3201 762 3264 sen,
804 3172 1005 3269 Lipsiensis
1042 3197 1109 3268 per
1145 3172 1201 3245 bis
1230 3198 1297 3244 sex
1326 3197 1482 3250 menses

184 3299 321 3375 sodalis
348 3301 405 3376 sui.
464 3303 511 3376 G.
540 3301 697 3391 Curtius,
726 3317 766 3375 ut
794 3301 963 3375 societati
993 3325 1083 3374 suae
1111 3299 1381 3394 grammaticae
1410 3329 1482 3399 per

184 3455 250 3501 sex
278 3455 434 3515 menses
451 3429 512 3503 W.
533 3428 665 3504 Miiller
679 3448 718 3504 ut
745 3430 898 3526 per'bis
927 3455 995 3504 sex
1021 3453 1168 3502 menses
1184 3427 1357 3502 societati
1386 3457 1481 3507 suae

183 3556 404 3630 Theutiscae
446 3557 665 3631 interessem
698 3559 858 3657 benigne
885 3571 1161 3631 concesserunt.
1218 3554 1364 3649 Quibus
1392 3559 1482 3634 viris

186 3685 349 3758 omnibus
379 3685 515 3780 optime
545 3686 680 3757 deme
708 3685 844 3759 meritis
872 3686 1012 3782 gratias
1040 3684 1217 3758 maximas
1245 3683 1385 3761 habe0.

290 3812 461 3885 Triennio
502 3812 609 3911 igitur
649 3811 870 3911 philologico
904 3829 943 3886 et
968 3839 1036 3887 sex
1063 3826 1261 3909 praeterea
1289 3815 1483 3893 mensibus

183 3939 342 4035 peractis
372 3964 527 4014 examen
556 3965 624 4037 pro
654 3938 828 4014 facultate
856 3939 1013 4013 docendi
1029 3936 1231 4037 Gottingae
1251 3939 1357 4014 subii.
1389 3943 1482 4036 Quo

182 4082 358 4162 superato
400 4068 485 4142 inde
528 4093 550 4140 a
586 4063 665 4140 Cal.
707 4065 823 4163 April.
852 4066 886 4142 h.
916 4094 948 4142 a.
976 4068 1010 4141 in
1038 4067 1230 4164 gymnasio
1258 4066 1483 4146 Rendsbur·

182 4194 287 4291 gensi
315 4196 480 4296 magistri
508 4211 620 4291 atque
649 4194 828 4290 adjutoris
858 4192 935 4266 vice
962 4195 1105 4294 fungor,
