3120 4838
807 204 848 282 30

178 431 266 502 erat,
300 417 369 489 sed
404 416 514 490 etiam
551 416 601 490 ad
636 416 806 493 eundem
832 417 1001 490 Plancum
1035 418 1146 490 ambo
1178 417 1315 512 scripta
1354 431 1475 500 erant,

179 546 281 640 quod
309 545 654 641 praescriptionibus
674 570 823 641 quoque
842 545 1032 640 probatur,
1062 560 1116 617 ut:
1141 571 1173 616 v.
1207 569 1220 616 1
1254 543 1318 616 Ad
1338 544 1472 617 Muna-

177 673 263 746 tium
296 649 466 746 Plancum
500 672 547 747 A.
583 701 614 746 v.
656 695 696 765 15
733 673 911 745 Hortatur
947 670 1120 746 Plancum
1157 673 1205 745 ad
1237 670 1477 768 voluptatem

178 801 224 876 A.
262 798 507 898 reliquisque,
551 826 643 897 quas
677 796 847 873 Kellerus
888 800 1006 874 affert.
1076 800 1248 897 Denique
1291 800 1393 873 idem
1438 814 1478 872 et

178 928 294 1001 omnis
327 929 513 1001 sententia
548 955 630 1002 mea
666 929 714 1002 ab
749 928 901 1001 Acrone
936 929 1138 1024 interprete
1168 927 1334 1016 sulcitur,
1369 928 1477 1000 cuius

179 1057 306 1153 optimi
341 1056 494 1130 codices
532 1060 606 1129 duo
642 1056 801 1129 reddunt
833 1056 1004 1130 carmina.
1061 1056 1187 1149 Qanto
1224 1080 1340 1152 opere
1378 1080 1479 1129 vero

176 1185 298 1258 vitium
317 1185 412 1258 haec
433 1186 594 1259 carmina
613 1183 858 1281 conjungendi
878 1185 1110 1274 increbuerit,
1130 1183 1216 1257 inde
1233 1181 1476 1279 intellegitur,

177 1314 280 1410 quod
308 1313 416 1386 etiarn
444 1314 476 1400 ii,
506 1314 567 1411 qui
594 1312 809 1386 divisionem
837 1329 939 1385 recte
969 1328 1115 1384 servant
1142 1312 1285 1385 Horatii
1316 1312 1477 1385 codices

176 1441 207 1512 F
236 1440 284 1512 ad
311 1466 346 1514 ν.
382 1465 394 1512 1
429 1441 559 1515 salsam
592 1441 862 1537 inscriptionem
890 1439 1215 1513 PARANETICE
1243 1439 1477 1513 DICOLOS

177 1570 367 1664 praebent,
408 1594 504 1665 quae
533 1570 582 1643 ad
608 1570 808 1643 secundam
844 1568 988 1642 demum
1025 1568 1121 1641 oden
1163 1583 1324 1664 spectat;
1371 1568 1480 1663 quod

176 1697 298 1769 vitium
326 1697 422 1770 idem
449 1697 609 1772 Acronis
636 1700 757 1772 codex
784 1698 858 1770 tion
885 1697 1011 1772 habet.

284 1876 429 1965 Restat,
466 1892 505 1948 ut
538 1876 587 1948 ad
622 1875 842 1949 senteutiam
876 1899 997 1947 meam
1030 1897 1183 1969 prorsus
1212 1871 1478 1945 stabiliendam

179 2002 327 2098 saepius
361 2003 397 2075 in
431 2003 619 2078 codicibus
654 2006 734 2077 sola
769 2002 872 2076 metri
908 2002 1094 2099 aequitate
1129 2001 1288 2074 carmina
1316 2000 1479 2074 confusa

180 2156 265 2207 esse
308 2134 559 2227 comprobem.
619 2132 731 2206 Cuius
767 2133 820 2204 rei
861 2129 1033 2228 exempla
1067 2128 1301 2227 longinquius
1336 2146 1479 2223 petere

179 2260 422 2355 supersedeo,
464 2275 503 2333 ut
543 2262 577 2333 in
619 2256 751 2334 Catulli
791 2259 1008 2332 carminibus
1044 2258 1118 2330 duo
1155 2257 1323 2330 eiusdem
1364 2257 1479 2330 metri

180 2387 333 2461 confusa
361 2415 446 2463 esse
475 2389 624 2485 saepius
651 2389 716 2462 viri
743 2388 845 2460 docti
869 2412 943 2461 non
962 2388 1039 2461 sine
1059 2410 1193 2483 magna
1212 2383 1478 2480 probabilitate

180 2530 396 2590 statuerunt.
429 2499 432 2505 ¹
464 2517 536 2613 (Cf.
575 2518 655 2591 Cat.
689 2543 720 2591 c.
763 2541 794 2589 2.
838 2538 891 2606 14.
932 2535 991 2607 51.
1028 2523 1089 2606 65.
1126 2516 1189 2608 68)
1252 2512 1350 2584 Inter
1391 2513 1480 2609 ipsa

182 2643 327 2717 Horatii
356 2645 517 2722 carmina
545 2645 574 2717 ll
616 2670 661 2736 14
689 2661 729 2718 et
760 2628 803 2737 13
836 2642 1091 2716 continuantur
1118 2640 1153 2713 in
1179 2639 1224 2711 A'
1240 2639 1277 2710 B'
1294 2640 1352 2711 rR
1366 2640 1479 2738 V1)y‚

183 2774 307 2867 quod,
331 2788 520 2868 quantum.
535 2773 657 2858 vide0,
693 2797 801 2846 nemo
834 2771 951 2845 adhuc
988 2766 1193 2866 probavit3¹
1214 2792 1338 2864 aeque
1369 2792 1403 2842 c.
1434 2769 1481 2842 ΙΙΙ

186 2924 203 2969 2
241 2917 281 2971 et
315 2923 334 2991 3
362 2901 397 2972 in
424 2927 533 2974 unum
560 2901 747 2975 confluunt
773 2901 807 2972 in
836 2898 1026 2972 codicibus
1052 2897 1097 2970 A'
1114 2896 1151 2966 B'
1166 2895 1259 2984 RV,
1289 2919 1312 2967 a
1341 2896 1478 2991 quibus

182 3050 273 3099 nunc
305 3027 387 3122 jure
415 3027 585 3102 Kellerus
619 3046 658 3103 et
685 3026 874 3101 Holderus
909 3040 1154 3113 recesserunt,
1184 3050 1263 3096 curn
1291 3021 1377 3096 olim
1407 3050 1479 3098 eos

182 3154 299 3227 secuti
344 3171 489 3246 essent3
539 3156 700 3253 denique
748 3181 778 3230 c.
824 3153 873 3225 lV
928 3178 985 3244 14.
1033 3168 1071 3226 et
1123 3175 1165 3244 15
1209 3152 1244 3224 in
1282 3151 1479 3255 codicibus

182 3280 433 3378 manuscriptis
473 3284 625 3368 indivisa
666 3311 708 3357 se
749 3281 931 3355 invenisse
960 3279 1140 3376 Cruquius
1173 3278 1259 3352 dicit
1293 3295 1333 3351 et
1371 3280 1409 3352 in
1439 3280 1476 3354 A

183 3408 275 3481 inter
316 3411 416 3485 oden
457 3434 501 3502 14
537 3427 574 3485 et
610 3434 651 3506 15
695 3413 826 3486 nullam
866 3434 1023 3483 vacuam
1063 3406 1196 3480 lineam
1237 3406 1479 3483 intercedere

182 3535 352 3611 Kellerus
381 3540 549 3613 adnotat.
596 3541 693 3614 Tres
721 3539 840 3613 habes
868 3538 972 3610 locos
1001 3534 1131 3632 quibus
1150 3535 1256 3607 metri
1283 3536 1477 3631 aequitate

179 3663 266 3736 bina
300 3667 457 3739 carmina
489 3640 692 3742 scribarum
733 3692 859 3741 errore
901 3667 964 3738 vel
1004 3663 1245 3758 neglegentia
1279 3663 1480 3739 coniuncta

180 3810 273 3866 sunt.
316 3793 453 3891 Neque
472 3792 595 3869 inutile
623 3813 682 3870 est
700 3820 860 3879 monere,
889 3793 1080 3866 Acronem
1098 3791 1233 3888 ubique
1254 3790 1479 3882 divisionem

179 3938 282 3995 recte
311 3947 482 3996 servasse
501 3919 549 4020 ²),
584 3924 651 3998 nisi
681 3921 783 4020 quod
810 3923 926 3995 semel
953 3948 985 3995 c.
1015 3921 1044 3993 ll
1078 3942 1132 4010 14.
1173 3939 1214 4011 15
1246 3919 1281 3991 in
1309 3945 1385 3992 uno
1414 3947 1477 3994 co·

183 4132 447 4144 ———--.-——.....

291 4226 307 4302 ¹)
325 4234 349 4283 V
375 4235 487 4285 codicem
515 4235 676 4285 Blandinium
703 4234 897 4285 vetustissimum
934 4231 1058 4297 significat
1088 4232 1225 4282 secundum
1258 4232 1478 4287 Kelleri·Holderi

179 4324 317 4375 editionem
336 4327 467 4390 maiorem,
486 4342 544 4376 cum
562 4341 629 4377 nunc
646 4343 704 4376 eum
722 4326 821 4392 prors'us
839 4329 974 4379 omiserint.

290 4414 309 4485 ¹)
330 4416 402 4468 Certe
420 4418 558 4469 secundum
576 4419 744 4469 Hauthalium
762 4421 881 4480 servavit3
900 4421 985 4484 itaque
1003 4416 1045 4469 ubi
1062 4416 1131 4467 aliud
1149 4415 1265 4467 Kellerus
1283 4417 1310 4467 in
1329 4418 1391 4471 edit.
1410 4421 1476 4472 Hor.

158 4559 160 4565 ,
178 4507 279 4571 indicat,
300 4525 382 4560 errore
401 4512 485 4562 nescio
503 4525 554 4575 quo
572 4511 693 4578 deceptus
711 4512 814 4563 videtur.
