3120 4838
287 1255 379 1377 Cum
414 1313 545 1377 omnino
580 1313 619 1378 de
653 1312 835 1377 elocutione
870 1312 1073 1396 singulorum
1104 1311 1174 1376 aevi
1203 1310 1367 1395 Augustei

196 1408 366 1484 poetarum
398 1401 480 1480 satis
511 1423 660 1485 maguam
691 1402 734 1466 ad
764 1401 987 1466 meditandum
1023 1401 1366 1485 commentandumque

196 1491 368 1555 materiam
403 1511 529 1573 semper
563 1491 787 1574 praebentium
824 1496 855 1554 et
889 1491 929 1556 (16
964 1491 1061 1555 661111
1092 1489 1288 1573 quibusdam
1319 1491 1366 1555 rei

197 1579 431 1658 grammaticae
465 1579 616 1662 partibus
656 1580 745 1663 apud
782 1581 1082 1662 praestantissimos
1120 1578 1208 1642 illius
1247 1580 1365 1644 aetatis

197 1668 373 1751 scriptores
401 1669 608 1750 quaestiones
637 1668 873 1751 adbucrquam
899 1669 1060 1752 plurimae
1083 1668 1256 1733 institutae
1279 1673 1364 1747 1111,
1430 1736 1435 1745 ,

198 1763 267 1822 tum
283 1758 459 1843 praecipue
476 1756 610 1821 Horatii
628 1759 774 1822 carmina
790 1759 1036 1823 accuratissime
1048 1758 1269 1840 pervestigata
1281 1778 1365 1822 oom-

197 1847 430 1929 mentariisque
461 1845 634 1911 uberrimis
666 1845 834 1911 illustrata
865 1853 954 1927 sunt,
988 1848 1036 1910 ita
1066 1853 1104 1911 11
1135 1847 1304 1928 incipienti
1327 1845 1367 1910 de

198 1935 266 2017 ejus
282 1935 410 2000 dicendi
431 1957 494 1998 usu
511 1934 611 1999 rerba
626 1935 733 2000 lacere
749 1935 923 2000 verendum
939 1936 1099 2015 videatur,
1124 1956 1164 1998 ne
1180 1936 1236 2015 „in
1252 1934 1366 2000 silvam

198 2024 289 2105 ligna
322 2024 429 2090 ferat‘t
465 2022 513 2108 (S.
538 2023 558 2088 I
585 2025 672 2109 1034)
709 2046 772 2088 neu
808 2025 933 2089 frustra
971 2025 1078 2088 oleum
1109 2031 1141 2088 et
1171 2044 1303 2106 operam
1333 2025 1367 2087 in

201 2112 393 2195 perficienda
429 2114 699 2177 commentatione
729 2115 973 2196 consumpserit.
1020 2113 1136 2178 Nihilo
1166 2113 1272 2176 minus
1303 2135 1367 2177 non

200 2223 320 2283 paucae
343 2207 470 2267 restant
493 2222 556 2289 ree,
580 2224 663 2285 quas
687 2201 795 2268 adbuc
818 2210 877 2266 aut
900 2203 1029 2267 omnino
1053 2202 1231 2283 neglectas,
1258 2207 1316 2266 aut
1340 2202 1367 2266 si

198 2291 232 2354 in
255 2292 474 2374 quaestionem
491 2298 626 2356 vocatae
642 2297 727 2370 sunt,
752 2313 816 2355 non
832 2299 901 2356 tam
917 2299 1069 2356 accurate
1085 2295 1247 2355 tractatas
1263 2290 1366 2370 video,

198 2387 236 2443 ut
252 2378 403 2464 indignae
419 2381 496 2460 sint,
522 2379 564 2443 ad
581 2402 662 2462 quas
686 2381 803 2444 iterum
826 2380 1074 2465 pertractandas
1097 2380 1241 2444 animum
1264 2380 1367 2444 inten-

199 2468 324 2532 damus.
361 2468 476 2552 Atque
499 2475 537 2532 ut
560 2470 673 2552 quiin
696 2469 844 2533 aedilicio
868 2471 979 2552 aliquo
1003 2467 1164 2533 moliendo
1188 2474 1367 2552 occupatus

198 2562 262 2637 est,
294 2563 388 2623 antea
421 2557 552 2640 singula
575 2559 684 2624 omnia
708 2580 784 2622 saxa
811 2565 993 2642 comportet
1015 2578 1144 2622 necesse
1168 2564 1229 2637 611,
1262 2559 1368 2640 prius-

197 2668 295 2729 quam
317 2645 359 2711 ad
382 2648 488 2731 ipsam
513 2645 877 2726 domumextruendanr
893 2646 1038 2727 accedat,
1063 2654 1133 2710 tum
1149 2651 1267 2728 autem,
1293 2669 1366 2711 cum

197 2735 345 2800 omnibus
369 2736 489 2819 quibus
519 2756 601 2819 opus
625 2744 673 2801 est
696 2735 793 2800 rebus
817 2742 952 2801 ornatus
976 2743 1073 2819 atque
1097 2741 1282 2799 exstructus
1306 2741 1364 2816 est,

197 2846 234 2889 eo
259 2825 395 2890 celerius
419 2846 458 2889 ac
481 2825 595 2889 melius
619 2825 782 2908 inceptum
805 2846 887 2909 opus
910 2825 952 2890 ad
983 2827 1106 2890 exitum
1136 2823 1293 2905 adducet,
1319 2825 1366 2888 ita

197 2915 230 2977 in
253 2913 389 2978 Horatii
421 2913 620 2978 carminibus
650 2921 817 2978 versantes
848 2915 911 2979 nisi
942 2913 1071 2998 singula
1095 2934 1244 2996 quaeque
1267 2936 1366 2998 quam

197 3002 445 3085 diligentissime
482 3002 701 3086 perquirendo
741 3003 840 3067 verba
869 3003 1007 3085 tradita,
1044 3024 1108 3085 qua
1139 3009 1215 3066 suut
1249 3003 1367 3067 eximia

196 3092 350 3156 dictionis
384 3097 456 3155 1116
491 3112 620 3173 quaque
654 3091 934 3174 interpretationis
970 3090 1180 3172 difficultate,
1217 3093 1260 3157 ad
1296 3113 1364 3156 eam

197 3202 263 3263 qua
293 3201 374 3264 opus
407 3185 456 3244 est
488 3181 710 3264 iutegritatem
738 3181 1031 3265 perfectionemque
1065 3201 1130 3244 non
1157 3179 1364 3246 adducemus.

284 3267 394 3353 Quare
424 3289 485 3353 ego
521 3268 560 3333 de
594 3269 766 3334 verborum
802 3271 1054 3354 compositorum
1088 3290 1150 3332 usu
1184 3272 1367 3353 scripturus

198 3380 290 3442 spero
314 3357 472 3442 opusculo
496 3378 566 3422 meo
590 3381 653 3423 non
677 3365 745 3423 tam
768 3360 991 3440 grammaticis
1015 3359 1081 3447 illis
1105 3357 1223 3423 studiis
1241 3356 1367 3442 aliquid

197 3469 252 3515 me
269 3448 496 3531 profuturum,
529 3468 613 3529 quae
636 3447 819 3512 novissimis
843 3449 1049 3531 potissimum
1071 3448 1272 3532 temporibus
1296 3471 1368 3532 per·

197 3527 313 3612 multa
328 3537 482 3601 instituta
512 3544 700 3601 accuratam
728 3535 770 3599 ab
802 3538 953 3620 omnique
982 3542 1076 3619 parte
1106 3536 1285 3618 perfectam
1308 3538 1366 3601 lin·

197 3646 279 3707 quae
309 3625 435 3689 latinae
465 3625 682 3708 coguitionem
714 3625 808 3689 uobis
832 3626 1094 3706 subministrent,
1127 3647 1225 3707 quam
1250 3626 1291 3690 ad
1316 3649 1367 3691 ex-

198 3713 383 3796 plicandam
407 3714 510 3797 ipsius
534 3713 669 3779 Horatii
692 3715 875 3780 orationem
898 3736 1011 3798 pauca,
1037 3714 1145 3798 quoad
1169 3715 1239 3798 ejus
1263 3715 1368 3780 faeere

199 3823 338 3884 possum,
363 3802 567 3867 collaturum.
599 3803 751 3886 Namque
768 3825 841 3868 eum
857 3805 1045 3868 accuratius
1068 3803 1273 3886 exploratum
1297 3805 1367 3881 erit,

199 3891 277 3973 quid
307 3891 483 3975 unicuique
506 3892 660 3975 scriptori
686 3892 856 3977 proprium
880 3893 922 3956 sit
945 3893 1088 3976 quidque
1116 3913 1189 3955 oum
1213 3894 1287 3957 aliis
1311 3900 1369 3959 111

199 3980 340 4063 ejusdem
364 3980 523 4044 orationis
547 3983 674 4064 generis
690 3987 748 4045 aut
764 3982 849 4046 alius
865 3982 1081 4064 scriptoribus
1098 4002 1273 4062 commune,
1298 3990 1369 4047 tum

199 4091 236 4133 eo
260 4069 389 4134 facilius
413 4069 512 4134 etiam
536 4069 674 4136 alterum
695 4069 788 4134 illum
804 4077 841 4134 ut
856 4071 905 4134 ita
921 4070 1029 4135 dicam
1046 4068 1146 4135 studii
1163 4071 1370 4152 grammatici

199 4179 347 4242 campum
383 4159 488 4223 colere
521 4161 700 4242 poterimus
736 4180 840 4242 neque
877 4159 950 4223 ideo
985 4158 1163 4224 difficulter
1197 4159 1369 4224 historiam

199 4246 390 4314 habebimus
416 4248 574 4312 orationis
590 4271 663 4314 curn
680 4248 808 4314 solutae
824 4253 893 4312 tum
908 4249 1065 4331 poeticae,
1089 4267 1204 4330 nempe
1220 4244 1368 4328 scientes,

1141 4355 1157 4402 l
