3120 4838
645 230 856 292 -17..

167 415 250 481 hacc
271 418 401 500 quidem
422 418 592 483 similitudo
608 422 743 502 gratior.
788 420 877 486 Nam
894 440 962 483 mos
978 425 1049 483 erat
1065 419 1215 502 antiquie,
1241 439 1324 483 com-

168 523 315 607 pluribus
338 525 516 590 nominibus
539 527 615 592 deos
638 528 818 611 implorare,
842 528 899 593 cfr.
915 527 1012 594 Hom.
1028 527 1072 593 Jl
1088 527 1107 591 I
1122 530 1173 610 37,
1196 527 1325 596 XXIV

169 636 243 711 308,
268 632 419 717 Aeschyl.
443 634 559 717 Agam.
583 638 654 716 160,
678 634 795 700 catull.
818 634 986 702 XXXIV
1004 637 1044 700 21
1066 642 1107 716 (v.
1130 636 1226 700 etiam
1242 635 1324 701 Plat.

167 738 293 807 Phileb.
315 764 345 824 p.
371 746 421 823 12,
453 743 735 837 Xenopli.Syp1p.
762 768 793 828 p.
816 749 890 826 522,
915 744 1037 812 Gallim.
1064 745 1169 829 hymn.
1192 748 1225 811 in
1248 747 1326 812 Dia-

167 869 245 913 nam
267 872 295 914 v.
320 852 359 932 7).

274 979 391 1046 Horat.
414 980 514 1047 sat.I
542 985 573 1062 3,
605 985 675 1060 124,
707 985 785 1046 125:
819 981 864 1060 ,Si
895 982 991 1064 disee,
1026 984 1081 1067 qni
1109 982 1235 1066 sapiens
1269 990 1325 1061 est,

171 1084 219 1150 Εῖ
239 1093 329 1151 sutor
349 1087 453 1152 bonus
475 1095 508 1153 et
528 1089 614 1152 solus
638 1087 796 1155 formosus
818 1097 850 1155 οῖ
871 1096 919 1154 cst
941 1095 1007 1154 rex‘
1031 1098 1062 1156 ct
1077 1090 1156 1155 Luc.
1173 1092 1225 1156 vit.
1241 1098 1325 1154 auct.

170 1196 256 1259 eac
277 1187 338 1270 ,ὅτι
360 1186 461 1279 μόνος
481 1183 579 1273 οὗτος
605 1193 717 1282 σοφὸς,
739 1192 839 1281 μόνος
861 1193 970 1277 καλὸς,
993 1191 1156 1281 μόνος-
1176 1195 1327 1275 βασιλεὺς

171 1337 213 1351 -
232 1297 409 1379 τιλούσιοςῖ.
452 1302 542 1369 Nihil
556 1305 663 1370 valent
684 1306 717 1370 hi
739 1307 810 1386 loci,
835 1305 910 1388 quia
933 1304 1020 1387 quod
1042 1304 1192 1369 exhibent
1211 1303 1328 1388 dogma

171 1407 354 1473 Stoicorum
375 1411 506 1494 vulgare
528 1420 577 1477 est
599 1422 631 1477 et
652 1435 745 1496 saepe
767 1418 1058 1493 commemoratum,
1087 1434 1108 1477 a
1128 1410 1194 1478 Cic.
1217 1411 1256 1475 de
1274 1410 1328 1476 lin.

169 1514 231 1578 111
260 1520 309 1595 75,
341 1538 400 1600 pro
428 1517 511 1584 Mur.
542 1519 675 1583 XXIX
703 1525 754 1601 61,
789 1519 951 1587 Paradox.
972 1519 1014 1599 V,
1046 1518 1108 1599 VI,
1142 1518 1267 1584 aPlut.
1289 1517 1329 1582 de

170 1628 280 1706 tranq.
304 1645 354 1690 an.
379 1628 428 1706 12,
460 1625 500 1690 dc
530 1627 595 1694 abs
620 1627 715 1694 Stoic.
738 1629 821 1711 opin.
848 1632 877 1706 3,
908 1627 977 1695 adv.
1005 1627 1101 1693 Stoic.
1123 1630 1152 1704 3,
1189 1624 1338 1706 aLucil.

171 1730 267 1814 frgm.
289 1733 349 1796 inc.
373 1736 414 1796 23
436 1755 468 1815 p.
492 1736 533 1798 85
558 1734 620 1820 (ed.
642 1734 814 1840 Gerlach),
843 1759 863 1800 a
887 1736 1035 1803 Varrone
1058 1740 1116 1802 sat.
1138 1734 1278 1818 Menipp.
1298 1757 1330 1818 p.

173 1842 237 1904 156
259 1839 321 1922 (ed.
337 1839 442 1922 Ries.).
486 1840 580 1924 Quod
600 1842 759 1908 Horatius
781 1850 813 1908 et
828 1844 990 1910 Lucienus
1011 1844 1045 1908 id
1066 1843 1199 1907 irrident
1209 1843 1245 1927 1),
1266 1863 1330 1907 non

171 1948 303 2029 mirum,
338 1969 409 2012 cum
441 1955 575 2034 uterque
603 1972 663 2035 pro
699 1952 804 2017 indole
838 1973 897 2017 sna
931 1973 1024 2017 omne
1055 1972 1155 2035 genus
1187 1952 1331 2016 insaniae

172 2056 387 2140 castigaverit.

277 2186 391 2251 Horat.
415 2193 474 2251 sat.
496 2187 534 2252 ΙΙ
557 2192 587 2269 5,
614 2190 666 2270 68,
697 2191 755 2254 69;
790 2189 999 2272 ,invenietque
1021 2187 1077 2253 Nil
1108 2187 1168 2253 sibi
1188 2189 1332 2271 legatum

172 2301 304 2379 praeter
325 2295 453 2379 plorare
484 2298 621 2380 suisqne‘
648 2303 681 2362 et
707 2297 787 2362 Luc.
811 2298 883 2362 dial
906 2303 999 2361 mort.
1023 2297 1121 2361 IX3
1154 2290 1265 2379 ,ἄλλος
1296 2297 1332 2360 δὲ

172 2398 235 2479 τὰς
255 2397 388 2488 ἀληθεῖς
410 2397 569 2490 διαθήκας
591 2401 685 2488 ἔχων,
712 2402 834 2481 ἐκεῖνος
856 2404 1033 2468 κατέλιπον
1059 2397 1210 2486 οἰμώζειν
1229 2395 1332 2468 ἅπασι

174 2506 324 2595 φράσοςῖ.
369 2511 466 2595 Quod
489 2521 623 2596 uterque
650 2513 734 2577 idem
756 2513 887 2577 verbnm
914 2512 1060 2594 ,plorare‘
1086 2511 1134 2575 vel
1162 2503 1332 2595 ,olpcogetv‘

172 2618 207 2682 in
223 2618 335 2683 eadem
346 2619 457 2685 fabula
467 2622 641 2705 usurparit,
654 2620 800 2704 equidem
811 2621 858 2684 ita
874 2620 1008 2703 explico:
1029 2620 1116 2683 illam
1132 2620 1332 2701 sententiam,

179 2732 380 2809 captatorem
387 2714 582 2793 *hereditatis
598 2751 653 2812 spe
670 2728 836 2811 deceptum
852 2728 896 2791 nil
912 2729 973 2792 nisi
993 2728 1133 2792 dolorem
1152 2733 1334 2792 assecutum

176 2855 254 2913 esse,
282 2841 367 2899 certe
393 2835 432 2899 de
462 2856 519 2900 suo
546 2842 681 2919 uterque
714 2835 923 2919 deprompsit,
958 2841 990 2900 et
1026 2834 1158 2901 verbum
1186 2834 1333 2917 ,plorare‘

175 2943 297 3026 posuit,
324 2950 361 3007 ut
387 2950 584 3028 quantopere
605 2949 735 3028 praeter
758 2964 846 3026 spem
871 2943 916 3006 illi
939 2944 1103 3024 evenisset,
1136 2963 1232 3025 quam
1256 2942 1335 3007 dilu-

181 3049 340 3116 cidissime
356 3051 547 3116 ostenderet.
579 3053 631 3116 Ex
644 3053 714 3135 ipsa
729 3052 826 3133 igitur
840 3071 885 3130 re,
902 3073 998 3133 quam
1014 3058 1148 3135 uterque
1162 3049 1336 3132 tractabat,

176 3157 257 3221 illud
279 3157 409 3222 verbum
430 3166 542 3223 natum
565 3181 634 3222 esse
661 3164 748 3241 pute,
779 3178 879 3239 quare
909 3179 967 3221 nos
997 3180 1060 3223 non
1085 3156 1250 3239 habemus,
1280 3179 1337 3223 cur

178 3287 277 3330 unum
299 3265 486 3349 scriptorem
502 3266 543 3331 ab
565 3274 702 3349 utroque
718 3286 902 3348 expressum
919 3266 1051 3331 esselis
1068 3266 1145 3330 locis
1161 3267 1336 3349 opinemur.

281 3394 398 3462 Horat.
415 3404 473 3461 sat.
496 3397 534 3460 ΙΙ
557 3400 587 3477 5,
612 3399 666 3461 83;
690 3395 746 3476 ,Πῖ
768 3396 856 3458 canis
879 3417 899 3459 a
921 3396 1008 3460 corio
1030 3417 1193 3479 nunqnam
1215 3395 1337 3460 abster-

177 3501 301 3568 rebitur
321 3509 428 3568 uncto‘
451 3510 483 3568 et
503 3503 583 3570 Luc.
603 3503 674 3569 adv.
697 3503 812 3569 indoct.
832 3525 858 3568 c.
881 3506 922 3566 25
943 3498 1113 3587 ,οὐδὲγὰρ
1135 3494 1226 3565 κύων
1247 3493 1338 3582 ἅπαξ

178 3603 334 3674 τταύσοιτί
354 3604 394 3677 dv
411 3623 642 3695 σκυτοτραγεῖν
664 3612 838 3695 poeotes&
883 3609 956 3673 Hos
971 3609 1057 3674 locos
1072 3629 1129 3670 cur
1144 3606 1186 3670 ad
1201 3608 1339 3674 eundem

179 3720 300 3783 fontem
315 3740 507 3801 revocemus,
530 3719 617 3782 nulla
633 3720 760 3783 omnino
777 3738 873 3781 causa
889 3723 944 3794 est,
960 3716 1109 3798 quoniam
1122 3714 1337 3797 proverbium,

180 3824 257 3888 alibi
287 3845 412 3908 quoque
443 3832 734 3905 commemoratum,
765 3823 925 3887 exhibent.
974 3822 1041 3889 cfr.
1066 3821 1224 3888 Theocrit.
1248 3823 1337 3907 idyll.

180 3931 218 3996 X
243 3935 281 3997 11
311 3931 461 4015 ,χαλεπὸν
489 3935 590 4018 χορίον
615 3924 699 3998 κύνα
718 3934 837 4016 yedooi‘
858 3935 890 3995 et
911 3929 1100 4014 Alciphron.
1144 3928 1337 4012 ep.11147

182 4033 271 4123 ,οὐδὲ
290 4034 352 4124 γὰρ
372 4035 465 4106 κύσον
490 4052 720 4125 σκυτοτραγεῖν
740 4042 893 4124 μαθοῦσα
914 4040 971 4123 τῆς
992 4038 1106 4123 τέχνης
1133 4034 1337 4124 turbinatam

288 4270 311 4340 1)
329 4275 361 4325 ut
379 4273 459 4326 ctiam
477 4289 518 4342 ep.
538 4273 551 4325 Ι
572 4274 593 4341 l,
613 4273 669 4337 luo,
689 4272 751 4332 1073
771 4270 835 4336 pise.
851 4269 892 4337 35,
911 4267 1030 4323 Hermot.
1050 4266 1088 4332 16,
1107 4265 1150 4320 81.

1214 4388 1232 4441 2
