3120 4838
800 240 838 316 58

278 454 393 536 Huius
422 453 531 526 fontis
560 453 703 554 (lubae)
732 453 1008 525 continuitatem
1027 451 1158 525 Atilius
1185 453 1330 524 videtur
1356 453 1468 524 inter-

173 581 315 676 rupisse
343 581 552 665 interiectis‚
582 605 678 676 quae
700 581 735 653 in
756 580 968 677 parenthesi
996 580 1102 676 posui
1130 579 1308 652 eCaesio
1330 579 1467 666 BassO,

173 709 272 781 cuius
300 709 424 807 operis
453 726 610 804 partem,
641 734 737 804 quae
758 709 806 780 ad
831 734 900 782 nos
917 709 1085 804 pertinet,
1114 732 1339 804 quamquam
1369 731 1469 779 nunc

173 812 355 932 perditam
383 835 569 927 dolemuS,
604 852 724 909 tamen
753 862 836 909 eum
864 862 1012 932 semper
1027 837 1255 938 Graecorum
1284 835 1470 908 rationem

170 965 345 1038 habuisse
376 991 397 1038 e
427 964 634 1063 fragmento
661 981 814 1037 servato
842 965 931 1037 satis
960 962 1186 1062 intellegitur.

277 1129 419 1224 Quibus
464 1128 659 1225 expositu,
701 1129 788 1201 licet
829 1126 973 1222 singula
1013 1128 1102 1201 alius
1144 1128 1301 1200 sortasse
1342 1126 1469 1200 verius

127 1314 130 1321 .
174 1257 358 1358 restituat,
388 1257 596 1331 universam
624 1256 727 1328 huius
754 1256 826 1329 loci
853 1258 1006 1329 sanandi
1031 1257 1130 1329 viam
1156 1273 1260 1328 recte
1288 1282 1347 1328 me
1378 1256 1469 1345 indi·

177 1409 285 1458 casse
312 1411 424 1481 spero
454 1401 493 1457 et
507 1410 683 1481 perverse
714 1385 838 1483 ¹egisse
870 1385 982 1458 virum
1009 1384 1158 1457 doctum
1181 1385 1468 1480 comprobasse,

169 1513 229 1608 qui
268 1511 365 1586 Atilii
404 1513 621 1586 auctoritate
659 1514 757 1586 nisus
795 1513 987 1586 Horatium
1028 1512 1188 1586 sortasse
1230 1538 1364 1584 versus
1409 1539 1467 1586 as·

169 1638 385 1736 clepiadeos
414 1666 481 1738 per
508 1642 674 1714 binorum
701 1668 875 1715 versuum
895 1656 1098 1736 systemata
1126 1639 1356 1736 disposuisse
1386 1640 1466 1736 opi-

169 1783 327 1841 naretur.
372 1769 483 1841 Immo
512 1795 600 1843 vero
620 1770 797 1856 omnibus,
825 1795 922 1866 quae
952 1766 1065 1854 attuli,
1096 1783 1253 1864 apparet
1279 1767 1467 1842 Alcaeum

169 1912 208 1968 et
240 1921 322 1970 eum
360 1913 527 1971 secutum
564 1897 757 1972 Horatium
795 1898 892 1970 haec
926 1896 1098 2000 carmina.
1119 1895 1308 1989 μονόκωλα
1341 1896 1466 1970 reddi·

168 2022 288 2115 disse3
325 2023 478 2120 Sappho
514 2051 607 2098 vero
644 2024 715 2098 alia
750 2028 837 2123 lege
874 2025 941 2098 sibi
969 2040 1107 2097 statuta
1134 2023 1241 2096 binos
1269 2049 1402 2098 versus
1430 2026 1467 2098 in

168 2151 343 2248 strophas
373 2152 617 2227 coniunxisse.

273 2306 348 2378 lam
381 2305 580 2394 Catullum,
617 2309 678 2405 qui
721 2306 809 2382 alias
837 2307 1019 2382 interdum
1048 2306 1220 2402 Sapphus
1249 2307 1466 2383 imitationis

168 2449 379 2529 compertus
408 2451 475 2522 est,
503 2435 613 2509 etiam
640 2435 675 2509 in
701 2461 786 2526 un0,
815 2437 918 2532 quod
936 2432 996 2508 ille
1017 2435 1181 2508 versibus
1209 2436 1465 2531 asclepiadeis

168 2561 392 2635 continuavit
437 2565 595 2638 carmine
643 2587 693 2658 30
733 2564 901 2661 poetriae
948 2562 1105 2658 vestigia
1150 2563 1334 2657 pressisse
1379 2585 1464 2638 cum

168 2676 302 2786 magna
328 2691 405 2763 veri
424 2689 652 2764 similitudine
680 2693 743 2764 viri
772 2692 868 2765 docti
892 2691 1107 2764 Lachmann
1125 2689 1253 2787 Haupt
1271 2691 1463 2766 Schwabe

166 2814 255 2889 Ellis
283 2816 326 2892 L.
356 2816 510 2892 Mueller
537 2835 762 2909 statuerunt,
791 2835 830 2893 ut
856 2845 932 2916 per<
952 2819 1058 2892 binos
1086 2843 1215 2892 versus
1243 2818 1281 2891 id
1311 2843 1464 2894 carmen

169 2943 411 3040 dispertirem.
468 2947 582 3041 Quod
611 2972 659 3020 eo
693 2948 811 3045 magis
845 2950 981 3044 placet,
1020 2947 1105 3042 quia
1137 2961 1224 3042 post
1256 2949 1462 3022 secundum

168 3076 354 3169 quemque
389 3100 535 3148 versum
570 3075 680 3149 etiam
714 3075 895 3149 sententia
929 3074 1232 3169 enunciatumque
1262 3100 1284 3147 a
1314 3073 1460 3149 Catullo

165 3198 292 3274 finitur.
348 3202 513 3293 Tamen,
559 3204 729 3299 quoniam
771 3202 873 3277 nullis
915 3218 1079 3275 veterum
1113 3200 1332 3279 testimoniis
1374 3229 1463 3277 con·v

168 3327 337 3416 firmatur,
365 3355 435 3426 pro
466 3347 569 3405 certo
597 3332 726 3405 haberi
754 3333 897 3429 nequit3
934 3347 971 3405 et
999 3330 1174 3404 dubitatio
1203 3330 1313 3404 etiam
1341 3356 1389 3405 ea
1416 3356 1456 3405 re

175 3475 341 3552 augetur,
371 3459 473 3554 quod
488 3458 708 3534 Theocritus
737 3460 810 3532 duo
836 3457 961 3554 idyllia
991 3461 1055 3553 (28
1085 3472 1122 3530 et
1152 3461 1214 3554 30)
1241 3457 1312 3530 hoc
1340 3438 1471 3532 metro*

167 3566 354 3672 formavit,
403 3612 500 3682 quae
541 3606 672 3684 aperte
702 3590 915 3696 ,monocola
961 3603 1060 3674 sunt,
1112 3586 1292 3659 Catullum
1333 3603 1450 3660 autem
1500 3670 1502 3675 ¹

165 3729 315 3807 praeter
352 3730 502 3789 ceteros
537 3732 671 3811 poetas
705 3714 977 3789 Alexandrinos
1009 3715 1184 3788 imitatum
1222 3739 1329 3802 esse,
1363 3714 1449 3787 inter
1498 3704 1502 3765 l

164 3865 292 3916 omnes
321 3858 479 3917 constat.
534 3887 536 3892 ·

271 3996 442 4094 Denique
476 3998 549 4071 hoc
583 4001 666 4073 loco
701 4026 762 4095 ep.
805 4022 848 4094 17
886 4000 1213 4073 commemoranda
1250 4012 1323 4086 est,
1357 4019 1443 4094 quae
1500 3966 1502 4041 ἶ

167 4126 209 4194 81
251 4126 422 4200 trimetris
456 4127 621 4202 iambicis
654 4127 901 4217 continuatur,
935 4143 974 4200 ut
1008 4143 1137 4224 aperte
1171 4124 1362 4200 monocola
1391 4121 1443 4195 sit.

165 4251 297 4348 Neque
331 4255 450 4352 magis
488 4255 633 4329 dubium
670 4282 756 4330 esse
790 4269 940 4352 potest,
980 4255 1064 4350 quin
1092 4252 1349 4328 Archilochum
1374 4249 1449 4323 Ho-

165 4380 276 4453 ratius
304 4382 402 4454 omni
433 4409 481 4456 ex
507 4399 614 4482 parte
631 4383 881 4486 expresserit.
911 4383 957 4460 cs.
987 4380 1120 4460 Archil.
1149 4384 1189 4456 lr.
1219 4407 1278 4458 21.
1309 4402 1363 4478 25.
1394 4395 1462 4471 27.

44 4508 46 4514 ’
168 4531 227 4608 29.
259 4531 320 4603 30.
352 4533 412 4608 32.
544 4530 547 4537 ·
