3120 4838
809 177 851 243 26

720 268 931 280 Η

182 389 407 465 Archilocho
435 410 563 489 aperte
591 395 721 467 tribuit.
777 395 908 468 Nititur
937 393 995 469 ille
1021 396 1056 468 in
1077 395 1189 468 tribus
1207 394 1319 466 locis:
1348 392 1480 465 Diom.

183 525 332 612 516‚13.
370 542 482 614 529,5
526 522 571 593 K.
605 523 708 597 Serv,
750 498 876 617 467³·
937 523 1016 596 Sed
1053 522 1150 595 haec
1191 520 1403 595 testimonia
1448 519 1480 593 si

179 652 280 720 recte
307 673 394 720 sese
421 648 613 735 haberent,
643 668 718 724 tum
746 651 923 746 profecto
953 650 1080 722 mirum
1109 665 1221 738 esset,
1260 649 1362 745 quod
1398 646 1480 720 He-

122 845 126 859 ,
178 775 388 869 phaestion,
419 777 542 872 quiin
571 803 603 852 c.
639 799 681 871 15
714 778 835 851 omnia
859 777 1064 852 Archilochi
1092 796 1210 851 metra
1238 776 1485 872 α’συνάρθητα

180 920 386 992 enumerat,
428 904 531 977 huius
573 903 703 979 nullam
744 907 962 979 mentionem
1004 906 1100 980 lecit.
1168 906 1216 979 Et
1255 905 1484 978 contrarium

179 1030 335 1103 Caesius
355 1031 459 1105 Bass.
498 1053 635 1123 271,17
665 1060 757 1130 sqq,
786 1060 895 1129 quem
923 1049 962 1106 ut
986 1034 1021 1106 in
1050 1033 1126 1106 aliis
1153 1034 1293 1128 rebus1)
1324 1049 1484 1106 secutus

179 1173 238 1230 est
265 1156 351 1232 Atil.
380 1158 525 1233 Fortun.
558 1167 696 1253 294,18
726 1187 820 1258 sqq,
853 1177 1025 1235 testatur:
1060 1187 1167 1233 »nam
1197 1186 1278 1234 cum
1307 1160 1483 1233 Archilo-

181 1286 271 1358 chus
299 1285 405 1360 heroi
433 1307 578 1384 partem
606 1291 766 1386 priorem
795 1315 875 1361 cum
904 1288 1043 1361 iambici
1075 1287 1199 1382 priore
1227 1302 1333 1381 parte
1376 1311 1483 1358 com-

179 1413 327 1498 miserit,
356 1414 405 1487 ita
432 1434 472 1489 ut
507 1418 748 1491 antecederet
780 1420 915 1490 herous
931 1473 1067 1500 ......
1106 1412 1281 1486 Horatius
1308 1414 1482 1487 immuta-

179 1543 239 1632 vit,
269 1562 307 1616 ut
335 1544 577 1618 antecederet
603 1545 743 1619 iambici
771 1573 867 1641 pars,
893 1560 1113 1640 sequeretur
1131 1541 1272 1616 heroh.
1331 1542 1483 1634 Quibus

180 1670 294 1742 maior
324 1698 432 1768 quam
451 1672 621 1746 Diomedi
649 1691 686 1747 et
713 1674 841 1747 Servio
868 1673 963 1745 fides
988 1672 1161 1745 habenda
1179 1687 1289 1754 esset,
1317 1670 1479 1755 etiamsi,

182 1781 308 1870 curbi
335 1801 553 1874 contrarium
588 1803 859 1890 contenderint,
898 1801 1186 1873 dubium'esset.
1243 1796 1347 1870 Nunc
1378 1824 1479 1871 vero

176 1926 369 2026 quomodo
397 1928 602 2003 Diomedes
630 1931 664 2002 in
693 1955 856 2003 errorem
883 1927 1049 2001 inductus
1076 1926 1133 2016 sit,
1162 1923 1266 1998 facile
1292 1922 1480 2020 intellegi-

178 2069 246 2128 tur.
289 2054 384 2128 Nam
401 2061 487 2150 528,
494 2082 543 2149 30
557 2056 615 2131 ille
631 2057 678 2131 de
697 2083 806 2131 versu
828 2053 1181 2151 dactylo-trochaico
1197 2078 1254 2147 ep.
1282 2076 1336 2138 11,
1361 2075 1479 2146 quem

178 2184 378 2256 secundum
406 2185 523 2280 posui,
554 2185 659 2259 dicit:
694 2185 908 2258 »undecima
944 2184 1017 2256 ode
1051 2207 1170 2280 genus
1205 2179 1310 2252 metri
1343 2177 1487 2266 habet,

180 2311 279 2407 quod
314 2312 365 2418 ab¹
391 2312 547 2386 Horatio
577 2314 822 2410 compositum
851 2311 1025 2397 dicitur‹;
1053 2335 1177 2383 verum
1214 2307 1400 2381 enimvero
1438 2306 1480 2379 id

176 2464 248 2511 non
277 2440 324 2511 ab
355 2441 522 2530 Horatio,
552 2443 621 2515 sed
648 2442 695 2515 ab
725 2441 947 2514 Archilocho
975 2438 1218 2535 compositum
1248 2462 1332 2509 esse
1360 2460 1478 2529 supra

175 2567 336 2640 vidimus.
391 2568 578 2643 Facillime
609 2586 740 2650 autem,
768 2595 849 2641 cum
876 2567 931 2640 hic
957 2593 1086 2640 versus
1113 2580 1245 2639 nostro
1274 2560 1476 2636 simillimus

174 2695 287 2768 modo
314 2696 472 2792 partium
499 2696 577 2769 eius
605 2698 770 2771 ordinem
788 2697 969 2769 inversum
989 2696 1202 2792 praeberet,
1221 2708 1349 2788 partes
1368 2691 1475 2787 ipsas

176 2839 349 2910 servaret,
386 2839 577 2921 utrumque
620 2823 827 2898 Diomedes
865 2839 1096 2897 commutare
1136 2839 1174 2895 et
1212 2821 1249 2894 id
1284 2819 1389 2916 quod
1425 2819 1474 2892 de

178 2949 294 3024 altero
309 2951 479 3025 traditum
495 2954 643 3049 accepit
661 2954 743 3050 ipse
764 2954 811 3027 de
832 2950 949 3025 altero
979 2951 1102 3024 dicere
1134 2964 1294 3046 poterat.
1323 2947 1474 3019 Deinde

176 3079 324 3152 Servius
352 3095 414 3152 aut
439 3081 662 3155 Diomedem
689 3099 840 3154 secutus
870 3096 927 3153 est
955 3094 1018 3152 aut
1044 3078 1151 3164 idem,
1179 3075 1282 3173 quod
1318 3071 1387 3159 ille,
1425 3075 1476 3147 vi·

176 3207 264 3279 tium
306 3223 345 3280 et
380 3207 460 3304 ipse
500 3210 695 3307 commisit,
726 3227 764 3282 ut
805 3210 874 3281 hac
917 3233 1065 3304 quoque
1109 3233 1156 3278 ex
1200 3220 1304 3300 parte
1347 3202 1474 3276 Caesii

176 3333 281 3406 Bassi
310 3337 508 3430 auctoritas
538 3337 648 3410 fulciri
677 3338 852 3411 videatur.
920 3336 1046 3431 Atque
1083 3333 1119 3406 in
1148 3358 1257 3406 versu
1296 3333 1473 3405 novando

176 3507 226 3516 —-
256 3488 341 3534 nam
371 3465 417 3536 ab
448 3465 603 3537 Horatio
631 3483 805 3540 novatum
836 3492 932 3552 esse,
957 3463 1033 3561 jam
1063 3486 1132 3558 pro
1159 3476 1261 3534 certo
1289 3460 1472 3536 affirmare

176 3590 299 3664 audeo
337 3637 389 3647 —-
430 3608 544 3686 poeta
587 3594 720 3690 prioris
762 3593 940 3667 rationem
982 3589 1134 3675 retinuit,
1178 3588 1318 3663 scilicet
1358 3607 1398 3662 ut
1438 3590 1472 3663 in

176 3718 418 3792 commissura
451 3720 604 3815 partium
637 3747 831 3797 caesuram
868 3739 906 3795 et
944 3719 1126 3814 syllabam
1159 3716 1360 3813 ancipitem
1398 3721 1470 3815 (ter

175 3845 208 3918 in
248 3874 306 3919 vv.
353 3850 386 3920 8.
430 3871 484 3920 10.
527 3872 571 3937 14
609 3847 815 3949 corripitur)
856 3863 1033 3944 poneret,
1076 3862 1115 3919 ut
1152 3847 1186 3919 in
1229 3846 1396 3918 anacrusi
1434 3861 1472 3919 et

176 3974 321 4047 alterius
349 3977 518 4050 trochaei
547 3978 642 4050 thesi
667 3975 818 4072 longam
847 3974 1027 4072 syllabam
1061 3988 1313 4072 praeoptaret,
1348 3992 1471 4048 tamen

172 4102 327 4208 breuem
354 4102 388 4174 in
417 4101 490 4174 hac
520 4127 671 4202 quoque
699 4102 816 4184 semel
848 4107 892 4206 (v.
928 4106 987 4199 18)
1017 4103 1254 4180 concederet.

171 4356 438 4373 γ--ω--α--ι-μ--ι

283 4501 301 4575 ¹)
320 4505 358 4557 Cf.
379 4506 454 4557 Keilii
473 4507 551 4571 praef.
572 4524 596 4572 p.
618 4519 667 4573 253
688 4509 731 4558 liu.
