3120 4838
652 141 874 206 *39*

169 316 373 396 ,inurbanum
403 316 513 400 lepido
544 338 698 400 seponere
729 318 828 382 dicto‘
851 323 884 382 ot
906 339 936 382 a.
961 341 992 400 p.
1018 322 1080 382 397
1106 315 1250 400 ,publico
1274 316 1340 399 pri·

168 405 250 469 vatis
274 426 453 486 secernere,
480 426 574 470 sacra
597 406 770 489 profanis‘,
796 407 915 490 quibus
940 406 1017 470 locis
1041 427 1081 470 ne
1105 407 1245 470 alterum
1270 426 1342 470 cum

167 493 270 558 altero
294 493 480 575 contendat,
506 495 673 559 causative
692 495 804 578 judico
828 496 952 559 dictum
976 517 1053 560 esse.

255 583 513 668 Adjectivorum,
551 604 634 667 quae
668 584 775 648 adhuc
810 585 903 648 omisi
939 583 1133 665 significatio
1158 604 1195 646 ea
1220 588 1278 662 est,
1304 587 1341 645 ut

167 671 297 736 dativus
320 673 426 737 locum
451 672 582 738 habeat:
615 694 710 754 quem
732 673 878 737 videmus
903 679 1015 756 aperte
1038 672 1230 754 adjunctum
1254 672 1339 735 voci·

167 760 227 824 bus
255 759 388 844 ,dispar,
420 761 566 825 diversus
590 762 680 845 (huic
703 760 809 848 vitio),
838 762 979 845 iniquus,
1005 762 1119 844 impar,
1144 781 1242 824 verus
1266 759 1341 846 (,al·

167 855 273 913 terum
312 855 345 914 et
381 850 459 914 huie
494 872 607 913 varum
642 889 686 896 —
718 851 749 913 b.
782 871 808 916 o.
842 851 1041 914 contrarium
1065 889 1109 896 —
1133 850 1188 914 scl.
1214 848 1339 932 genus);

168 939 278 1023 itaque
315 939 415 1003 etiam
447 939 626 1019 ,fortunis,‘
657 939 745 1021 quod
775 938 969 1021 adjectivum
994 939 1157 1003 ‘absonus‘
1181 937 1340 1019 sequitur,

170 1026 277 1106 ,vitiis,
303 1026 475 1110 frugibus‘,
505 1049 589 1109 quae
605 1028 759 1111 ,iniquus‘
788 1027 951 1107 adsciscit,
977 1027 1078 1091 dativi
1095 1027 1217 1109 sunt¹);
1242 1023 1340 1089 semel

167 1121 336 1197 praeterea
371 1137 410 1181 ox
445 1117 597 1198 analogia
627 1116 776 1181 vocabuli
800 1116 939 1197 ,similis‘
968 1115 1129 1179 Horatius
1153 1114 1340 1197 genetivum

167 1210 306 1286 usurpat
335 1206 416 1269 satis
448 1205 619 1288 probatum
645 1227 740 1270 casus
764 1205 897 1269 secundi
920 1211 1054 1268 natura:
1080 1203 1221 1285 ,Seotsni
1246 1200 1340 1265 dissi·

167 1292 274 1356 milis‘
509 1293 510 1296 ’

255 1416 353 1481 Nunc
383 1418 487 1500 igitur
518 1425 708 1502 conspectus
732 1419 787 1483 ille
810 1417 1071 1483 dubitationibus
1095 1417 1233 1482 sublatis
1256 1415 1341 1480 hanc

169 1506 306 1587 speciem
331 1528 409 1592 prac
433 1528 467 1570 se
491 1507 567 1572 fert:

218 1630 390 1714 Usurpatar
544 1633 661 1694 (latinus
865 1632 954 1698 ablat,
1148 1653 1257 1715 praep.

168 1771 286 1836 differo
470 1751 484 1900 ἶ
502 1739 641 1802 sermoni

502 1826 604 1891 colori

194 1969 200 1982 .
807 1916 909 1997 hoste,

169 1967 302 2033 dinosco
776 1932 790 2081 l
808 2027 907 2069 curvo

168 2092 311 2157 discolor
468 2095 630 2158 meretrici

169 2181 369 2246 disconvenit
468 2181 609 2269 vitae(?)
775 2181 940 2270 ordine(?)

169 2270 320 2335 discordo
468 2293 566 2336 avaro

806 2361 880 2424 vino
920 2368 951 2425 ot
996 2361 1044 2425 lu·

498 2539 603 2621 primo
627 2546 658 2603 et
807 2539 879 2602 istis
925 2539 1043 2624 (homi-

528 2628 643 2708 medio,
887 2627 968 2710 nib.)

498 2715 636 2800 Delphis
806 2717 878 2780 istis
894 2718 949 2802 (ε
967 2717 1044 2781 isto·

835 2828 908 2869 rum
932 2811 1032 2888 voce.)

167 2589 316 2674 discrepo

465 2471 483 2771 Ι
499 2451 619 2533 nepoti,
866 2451 979 2530 cernis,

167 2893 282 2976 dispar
465 2895 629 2959 meretrici

166 2981 324 3047 dissentio
467 2982 709 3048 condicionibus

167 3069 308 3136 dissideo
467 3071 544 3152 sedi,
570 3073 657 3156 plebi

167 3159 335 3224 dissimilis
465 3160 524 3241 illi,
535 3163 735 3250 noto(sucui)
834 3165 836 3171 '

166 3249 336 3333 distinguo
465 3270 540 3315 vero

498 3341 658 3426 sepultae,
688 3343 734 3404 in·
805 3361 910 3421 earne,
1101 3338 1144 3402 ab
1167 3338 1302 3413 Inacho,

167 3427 254 3492 disto
466 3356 480 3552 Ι
558 3431 671 3509 ertiae,
716 3459 719 3464 ·
771 3347 935 3599 {lupinis
1067 3343 1121 3596 {a
1144 3429 1235 3497 tenui

499 3538 632 3582 scurrae
804 3519 937 3590 exactis.
1100 3516 1198 3587 victu.

165 3607 314 3672 diversus
464 3607 541 3671 huie
566 3608 646 3671 vitio

165 3695 322 3761 adversus
464 3696 515 3760 his
539 3695 665 3782 (rebus)

257 3909 280 3973 1)
300 3907 421 3961 adnotat
439 3907 624 3961 Heindorflus
649 3909 684 3961 ad
711 3907 738 3961 S.
760 3907 866 3967 113107
893 3909 1020 3977 (aversus
1044 3908 1238 3978 mercaturis):
1269 3909 1338 3975 „wie

165 3978 369 4039 odenII1t10:
392 3980 487 4046 „lucro
507 3987 653 4033 sverssm“
673 3981 728 4031 wol
753 3980 804 4032 der
824 3979 902 4031 dstiv
922 3980 995 4033 nsch
1015 3980 1065 4032 der
1083 3980 1251 4047 poetiscben
1270 3998 1336 4033 con-

165 4052 307 4104 struction
326 4051 397 4104 sller
415 4051 503 4104 verba
522 4050 693 4104 dissidendi“
716 4050 770 4120 (?),
800 4050 902 4117 quibus
930 4052 1011 4104 addit
1034 4051 1165 4118 exempla
1184 4069 1218 4104 ex
1238 4050 1336 4119 Quint.

166 4127 195 4174 et
213 4121 279 4176 Seu.
299 4127 419 4190 sumpta.
458 4120 515 4174 Sed
540 4122 671 4189 equidem
696 4122 772 4189 apud
791 4119 829 4172 H.
856 4122 949 4174 minus
974 4121 1171 4186 ‚dissensionis‘
1196 4122 1337 4191 significa·

166 4193 275 4246 tionem
293 4193 337 4246 illi
356 4193 498 4260 adjectivo
518 4193 667 4261 subjungo,
688 4211 771 4260 quam
792 4194 1010 4260 ‚separationis‘3
1032 4209 1118 4260 quare
1138 4193 1256 4261 exlege
1275 4210 1337 4245 mes

166 4263 323 4317 ablativum
353 4263 411 4316 illis
443 4264 514 4319 locis
545 4263 728 4320 statuendum
759 4279 819 4321 esse
851 4264 996 4331 existim03
1029 4282 1054 4318 v.
1083 4281 1169 4331 supra
1195 4265 1246 4334 §2
1270 4280 1291 4315 s.
1311 4281 1336 4317 v.

166 4339 274 4392 averto.

1092 4421 1125 4479 5*
