3120 4838
208 424 276 475 seu
313 402 471 498 pedibus
515 416 714 481 constaret,
756 402 908 475 trimetri
951 425 1081 473 nomen
1125 400 1211 472 ideo
1249 401 1376 473 datum
1421 424 1510 474 esse

211 531 305 613 dicit,
335 531 420 626 quia
447 555 517 626 pes
545 529 650 601 citior
677 545 790 617 esset,
821 556 931 626 quam
954 529 1014 625 qui
1038 553 1105 624 per
1130 528 1380 623 monopodias
1401 551 1508 601 scan-

212 660 377 749 deretur3
406 656 482 731 sive
511 657 653 731 iambos
689 682 755 751 per
783 657 955 753 dipodias
992 655 1117 730 scandi
1161 655 1364 728 contendit.
1435 655 1509 749 Qui

210 804 409 882 sequuntur
445 810 574 858 versus
614 767 836 857 difficiliores
875 784 1063 858 intellectu
1105 798 1143 855 et
1175 783 1267 856 inter
1298 781 1509 856 conclama-

209 914 370 987 tissimos
399 930 492 989 sunt.
549 912 731 1008 Equidem
760 938 807 984 ex
835 912 970 986 infinita
1005 912 1082 985 sere
1121 911 1329 1007 disputandi
1361 913 1506 1008 copia1)

202 1024 331 1138 ¹pauca
360 1042 568 1137 decerpam,
604 1023 700 1136 quae
735 1039 893 1111 omnium
923 1038 1228 1134 probabilissima,
1264 1041 1433 1133 quamuis
1473 1054 1510 1113 et

210 1170 291 1266 ipsa
316 1196 442 1266 parum
472 1167 674 1265 probabilia
703 1167 785 1239 mihi
814 1166 991 1239 videntur.
1048 1167 1140 1239 Nam
1175 1168 1334 1263 »primus
1364 1169 1415 1239 ad
1446 1195 1506 1241 ex·

212 1315 365 1370 tremum
385 1295 508 1371 similis
529 1296 618 1368 sibi«
642 1320 722 1367 cum
745 1293 1053 1367 antecedentibus
1076 1295 1142 1366 viri
1165 1296 1264 1367 docti
1284 1294 1512 1394 conjungunt

211 1440 250 1497 et
276 1426 368 1497 hanc
397 1423 542 1497 eliciunt
568 1423 807 1498 sententiam:
838 1423 1037 1495 trimetrum
1066 1422 1255 1495 iambicum
1296 1423 1397 1495 initio
1437 1450 1505 1496 sex

211 1553 360 1648 paribus
388 1553 464 1625 sive
502 1552 602 1648 puris
635 1550 763 1624 iambis
801 1551 1043 1646 compositum
1079 1550 1210 1638 luisse,
1252 1567 1506 1625 verumtamen

212 1706 297 1753 num
330 1680 497 1753 ›similis‹
528 1679 626 1751 idem
653 1679 723 1752 hoc
749 1676 834 1751 loco
853 1676 985 1767 valeat,
1007 1704 1049 1752 ac
1074 1703 1199 1774 »par«,
1222 1695 1324 1750 certe
1341 1678 1503 1752 dubitari

212 1822 347 1903 potest.
400 1807 478 1902 Jam
506 1807 554 1880 de
582 1807 821 1903 sequentibus
849 1807 971 1879 verbis
1000 1806 1033 1878 in
1072 1806 1339 1879 diversissimas
1378 1826 1509 1902 partes

211 1937 432 2031 interpretes
453 1935 663 2008 discedunt:
694 1935 763 2006 sed
791 1959 917 2007 eorum
959 1933 1171 2016 sententias,
1215 1916 1290 2030 qui*
1317 1959 1416 2007 »non
1458 1935 1508 2008 ita

211 2063 374 2162 pridem‹
420 2064 468 2136 ad
509 2062 660 2135 latinos
701 2079 833 2158 poetas
881 2064 943 2134 vel
989 2080 1136 2136 veteres
1182 2064 1239 2133 vel
1276 2063 1504 2136 recentiores

212 2192 360 2266 trahere
388 2192 511 2264 conati
538 2206 631 2279 sunt,
662 2186 821 2262 Orellius
851 2203 890 2260 et
908 2187 1072 2260 Ritterus
1102 2189 1230 2261 merito
1251 2205 1288 2261 et
1307 2188 1510 2262 luculenter

212 2321 415 2394 refutarunt
447 2337 485 2392 et
519 2344 585 2391 suo
614 2319 697 2415 jure
725 2317 888 2389 Ritterus
921 2332 1063 2388 monet:
1109 2316 1167 2387 ›ln
1196 2342 1235 2388 re
1263 2317 1402 2389 incerta
1432 2318 1506 2390 hoc

214 2467 299 2523 ante
329 2449 451 2521 omnia
479 2452 689 2529 teneamus,
728 2446 828 2541 loqui
858 2442 1050 2514 Horatium
1078 2444 1125 2515 de
1152 2444 1321 2517 trimetris
1351 2446 1508 2518 Graecis

214 2601 257 2649 ac
285 2575 333 2648 de
353 2589 648 2671 temperamento
668 2573 821 2645 trimetri
848 2597 868 2644 a
889 2571 1046 2644 Graecis
1066 2589 1253 2667 usurpato;
1286 2574 1334 2644 ad
1354 2573 1508 2648 Latinos

214 2705 360 2783 demum
394 2705 428 2776 in
465 2703 537 2775 fine
571 2727 698 2774 versus
739 2727 755 2772 2
764 2705 810 2792 58
846 2699 1048 2795 pervenite
1104 2701 1186 2795 lpse
1216 2700 1376 2774 Ritterus
1411 2727 1507 2775 ›non

213 2832 264 2904 ita
292 2830 459 2927 pridem«
492 2831 545 2902 ad.
569 2829 733 2902 scenicos
763 2844 899 2923 poetas
928 2827 1097 2899 Graecos
1127 2842 1298 2923 spectare
1338 2830 1509 2926 opinatus

216 2973 281 3044 est,
309 2955 547 3052 Aeschylum,
574 2955 812 3053 Sophoclem,
841 2955 1068 3051 Euripidem,
1103 2956 1233 3051 quibus
1265 2956 1508 3031 Archilochus

215 3104 477 3183 opponeretur.
534 3084 653 3174 Hunc,
681 3112 761 3191 epm
793 3081 839 3156 illi
877 3084 1065 3179 spondeos
1091 3084 1125 3156 in
1153 3084 1323 3158 trimetris
1361 3087 1510 3182 saepius

215 3229 399 3312 ponerent
424 3229 463 3288 et
488 3213 648 3286 carmina
667 3214 802 3287 secisse
821 3213 988 3303 iambica,
1017 3213 1054 3285 in
1074 3213 1203 3308 quibus
1223 3239 1345 3287 meros
1364 3215 1508 3288 iambos

216 3341 444 3430 admitteret,
480 3366 576 3438 quae
603 3341 779 3415 Horatius
815 3357 853 3414 et
880 3339 1043 3414 Catullus
1070 3341 1194 3413 imitati
1223 3359 1388 3432 essent,¹
1409 3359 1448 3416 et
1475 3343 1509 3415 in

216 3471 268 3557 iis,
296 3470 361 3543 ubi·
376 3470 458 3566 ipse
477 3468 670 3565 spondeos
691 3469 758 3543 sibi
777 3469 1012 3566 permisisset,
1032 3469 1146 3542 rarius
1165 3487 1290 3543 tamen
1311 3496 1379 3543 eos
1400 3471 1510 3543 admi·

217 3598 310 3673 sisse
330 3614 369 3672 et
395 3598 455 3683 ita,
482 3614 522 3670 ut
541 3597 714 3671 Horatius
734 3599 813 3671 eius
833 3597 975 3671 iambos
995 3623 1064 3694 pro
1085 3597 1182 3693 puris
1203 3598 1391 3694 acciperet
1411 3599 1510 3694 (sici)

218 3725 294 3799 sive
320 3715 478 3799 rariores
506 3727 700 3822 spondeos
729 3751 800 3798 non
828 3742 990 3799 moratus
1019 3726 1095 3799 sive
1132 3725 1310 3799 eiusmodi
1338 3729 1509 3823 exemplo

217 3851 411 3926 carminum
438 3851 651 3927 Archilochi
679 3881 780 3939 usus,
809 3854 845 3927 in
874 3879 948 3949 quo
977 3861 1158 3950 τρίμετροι
1184 3854 1364 3928 deessent
1390 3853 1509 3956 (sicl).

219 3981 299 4054 Sed
324 3981 422 4054 unde
447 3983 540 4054 haec
568 3983 687 4055 omnia
714 3984 877 4056 Ritterus
911 3981 1109 4080 cognovit?
1136 3981 1313 4055 Fortasse
1342 4009 1363 4054 e
1393 3982 1511 4054 Mario

219 4107 337 4183 Plotio
355 4135 405 4204 tp.
444 4113 551 4202 518,'3
587 4136 669 4206 sqq.
706 4111 741 4182 K
776 4109 912 4183 Verum
948 4110 978 4183 is
1015 4109 1117 4207 quod
1151 4109 1352 4182 trimetrum
1385 4135 1512 4204 purum

436 4300 487 4307 .-.

333 4399 349 4468 ¹)
386 4399 513 4450 Veteriora
531 4400 635 4457 collecta
651 4401 730 4452 habes
749 4419 764 4452 a
785 4403 911 4452 Diintzero
931 4403 1013 4452 Kritik
1033 4402 1085 4452 und
1104 4403 1245 4464 Erklfirung
1264 4401 1308 4452 der
1327 4402 1441 4468 Episteln
1472 4403 1515 4454 des

221 4494 313 4546 Horaz.
336 4493 370 4542 Il.
392 4491 585 4556 Braunsclrweig
606 4490 680 4553 1844.
