3120 4838
634 210 845 293 -19-

90 406 190 479 stitia
223 432 297 480 non
331 408 460 481 sedem
493 408 678 482 hominem
704 411 796 483 tueri
834 409 1046 504 explicaret,
1076 410 1145 482 sed
1173 436 1298 485 veram
1327 434 1383 483 sa-

90 536 287 631 pientiam,
325 537 485 633 denique
518 563 550 608 v.
585 561 730 629 19-32
768 538 871 611 huius
902 538 1106 633 sapientiae
1136 564 1222 612 esse
1246 539 1383 635 jocose

90 665 349 752 contenderet,
385 690 507 760 aequo
544 682 582 738 et
616 666 717 739 hilari
752 666 872 738 animo
909 666 1002 740 inter
1039 664 1158 739 laetos
1187 682 1383 762 potatores

89 791 224 864 Teucri
257 790 432 888 exemplo
466 793 561 866 ferre
598 794 698 890 quod
730 795 848 867 vitare
883 819 1058 889 nequeas
1122 793 1230 885 Quae
1272 795 1381 869 inter·

91 920 249 1015 pretatio
284 921 506 1016 speciosior,
542 948 652 1017 quam
685 922 810 994 verior
846 937 922 1010 est3
963 947 1122 1017 namque
1160 937 1198 994 ut
1233 940 1381 995 taceam

89 1047 161 1121 hac
195 1049 231 1120 in
264 1049 438 1121 divisione
473 1048 635 1144 singulas
664 1065 790 1145 partes
818 1076 864 1121 ne
892 1050 977 1123 totis
1006 1048 1155 1144 quidem
1182 1049 1381 1121 enunciatis

88 1177 273 1260 contineri,
302 1176 370 1249 sed
398 1179 629 1250 enunciatum
656 1205 687 1249 v.
722 1200 883 1269 15—-21,
911 1178 1013 1273 quod
1032 1192 1162 1271 aperte
1188 1202 1296 1249 unum
1323 1193 1381 1249 est

87 1320 128 1375 et
160 1329 268 1376 unam
301 1307 520 1378 sententiam
562 1305 858 1401 comprehendit,
901 1303 1019 1377 divelli
1061 1321 1172 1399 atque
1215 1304 1378 1391 distrahi,

88 1432 266 1506 Horatius
298 1434 442 1506 omnino
479 1434 527 1506 de
562 1435 746 1529 sapientia
778 1433 1083 1528 philosophorum
1111 1457 1186 1504 non
1213 1431 1381 1528 loquitur,

89 1560 160 1633 sed
184 1561 323 1638 obiter:
370 1562 564 1657 ›sapiens‹
598 1562 687 1634 dicit
719 1578 949 1634 ›memento‹
990 1558 1149 1660 (vertas:
1193 1560 1271 1632 »sei
1300 1586 1380 1632 ver-

89 1688 227 1785 n'unftig
262 1688 334 1759 und
369 1690 491 1761 denke
530 1688 678 1790 daran)3
713 1714 835 1784 neque
871 1689 1002 1762 sedem
1035 1714 1058 1762 a
1092 1688 1274 1761 maestitia
1309 1713 1382 1761 non

87 1816 181 1888 tueri
210 1816 406 1913 significat,
439 1819 509 1889 sed
536 1816 742 1912 simpliciter
768 1817 962 1905 Plancum,
1004 1817 1209 1912 ubicunque
1243 1816 1308 1905 sit,
1344 1832 1384 1888 ut

84 1945 170 2016 vino
197 1944 415 2017 maestitiam
444 1943 592 2031 molliat,
621 1945 838 2016 adhortatur
857 1947 993 2018 eodem
1013 1945 1137 2029 mod0,
1166 1969 1240 2039 quo
1269 1968 1379 2016 carm.

83 2070 114 2143 11
149 2096 173 2160 9
210 2069 379 2168 Valgium
415 2097 437 2144 a
475 2073 582 2144 nimio
617 2070 745 2143 dolore
781 2086 951 2145 avertere
989 2072 1134 2163 studet,
1170 2072 1299 2167 quibus
1326 2096 1381 2144 re·

83 2199 211 2272 lutatis
239 2225 408 2272 versuum
446 2225 595 2293 19—32
629 2202 882 2296 interpretatio
916 2202 1009 2272 ultro
1042 2200 1213 2273 concidit.
1270 2199 1378 2289 Quae

85 2351 171 2398 cum
208 2328 261 2399 ita
292 2329 379 2417 sint,
413 2353 524 2401 carm.
558 2331 570 2399 l
610 2348 629 2419 7
666 2354 734 2424 pro
769 2354 842 2400 uno
879 2329 1006 2402 haberi
1040 2352 1114 2400 non
1146 2352 1258 2423 posse
1297 2352 1379 2422 per-

82 2456 251 2550 spicuum
278 2473 346 2527 est.

192 2582 326 2678 Neque
363 2608 466 2672 ver0,
504 2585 604 2679 quod
636 2603 724 2680 post
752 2586 792 2656 L.
821 2584 1034 2656 Muellerum
1066 2583 1165 2679 (edit.
1195 2580 1308 2678 praef.
1336 2608 1372 2676 p.

80 2710 181 2805 XlIl)
212 2709 321 2782 etiam
356 2711 403 2784 Ο.
434 2710 606 2784 Kellerus
641 2710 664 2785 l.
702 2715 724 2784 l.
763 2711 885 2784 lacere
920 2729 1073 2784 conatus
1106 2724 1173 2795 est,
1208 2710 1257 2780 ad
1284 2710 1376 2783 hanc

82 2838 344 2933 quaestionem
387 2839 658 2935 dijudicandam
697 2841 897 2935 scriptores
928 2839 983 2912 rei
1017 2838 1192 2911 metricae
1227 2853 1376 2910 veteres

79 2966 167 3062 jure
217 2965 383 3038 adhiberi
427 2992 543 3062 posse
586 2969 761 3051 videntur,
803 2968 938 3063 quippe
982 2967 1059 3062 qui,
1111 2991 1192 3037 cum
1238 2963 1379 3059 singula

82 3109 204 3167 metra
223 3094 347 3181 modo,
367 3119 439 3166 non
460 3095 602 3193 singula
621 3096 780 3168 carmina
799 3095 1040 3189 respicerent,
1060 3095 1189 3165 horum
1210 3091 1380 3165 ordinem

81 3243 349 3317 numerumque
390 3224 538 3317 saepius
576 3223 869 3319 perturbaverint
886 3226 924 3317 ¹).
986 3220 1218 3317 Porphyrion
1252 3235 1378 3293 autem

81 3350 120 3423 in
148 3374 226 3445 quo
252 3349 309 3421 isti
336 3350 500 3435 nituntur,
532 3376 606 3425 non
627 3353 717 3424 tueri
747 3351 875 3444 magis,
905 3375 1014 3446 qnam
1040 3347 1209 3421 refellere
1238 3361 1382 3421 senten·

83 3477 176 3551 tiam
205 3502 333 3549 eorum
361 3477 446 3550 mihi
473 3479 624 3566 videtur,
653 3481 681 3553 si
712 3479 859 3576 quidem
887 3504 934 3550 ex
961 3477 1040 3551 eius
1068 3493 1158 3550 nota
1177 3474 1225 3546 ad
1253 3500 1286 3547 ν.
1314 3498 1378 3568 15:

88 3606 197 3677 »hinc
238 3602 352 3705 (hanc
393 3609 518 3704 codd.)
555 3609 655 3681 oden
690 3609 837 3705 quidam
869 3621 998 3703 putant
1030 3602 1139 3677 aliam
1172 3628 1271 3691 esse,
1310 3605 1381 3677 sed

88 3734 225 3807 eadem
267 3750 344 3823 est,
386 3759 470 3807 nam
511 3752 550 3808 et
591 3736 648 3808 hic
689 3738 739 3808 ad
777 3733 951 3808 Plancum
994 3729 1161 3826 loquitur,
1202 3729 1239 3801 in
1279 3730 1382 3804 cuius

85 3860 271 3933 honorem
301 3876 341 3933 et
368 3861 404 3934 in
431 3863 622 3959 superiore
650 3879 757 3959 parte
776 3861 891 3934 Tibur
913 3859 1111 3946 lat.1davit,‹
1144 3858 1223 3929 luce
1249 3857 1382 3931 clarius

86 4001 281 4083 appareat,
311 3989 500 4083 quomodo
529 3991 662 4063 factum
689 3991 744 4075 sit,
772 4006 812 4060 ut
839 3991 911 4061 duo
939 3987 998 4059 illa
1025 3983 1184 4055 carmina
1212 3984 1248 4055 in
1274 4009 1384 4059 unum

87 4115 415 4210 conjungerentur.
471 4115 617 4191 Scilicet
644 4142 715 4189 non
743 4115 859 4187 modo
888 4113 1074 4206 utriusque
1103 4126 1256 4184 metrum
1284 4110 1384 4185 idem

201 4401 220 4473 ¹)
241 4402 281 4455 Cf.
301 4405 434 4456 Teuffell.
453 4407 469 4457 1.
490 4405 552 4474 (Die
569 4406 651 4457 horaz.
673 4405 750 4469 Lyrilr
768 4404 820 4452 nnd
838 4404 891 4454 ihre
910 4398 1004 4470 Kritik)
1025 4419 1050 4466 p.
1072 4414 1172 4451 10-11
1194 4411 1219 4451 et

200 4496 298 4558 Keller,
318 4498 498 4563 Epilegomeno
517 4517 542 4564 p.
565 4512 609 4547 ιιι
635 4496 686 4566 (ad.
705 4514 727 4548 c.
746 4498 759 4545 1
778 4494 859 4565 351).

1201 4598 1225 4650 h
