3120 4838
816 217 859 292 48

194 426 398 521 ubicunque
435 452 495 511 ες,
538 427 621 500 vino
662 429 761 502 vitae
805 429 954 501 labores
993 428 1100 502 molli.
1166 428 1245 501 Sed
1278 429 1300 499 ii
1336 451 1495 523 quoque

195 555 254 648 qui
285 555 425 627 cautius
459 573 587 650 agunt,
616 558 815 629 carminum
850 558 1135 652 perpetuitatem
1168 554 1228 627 vel
1267 553 1406 626 nullam
1436 556 1498 628 vel

195 681 528 755 artificiosissimam
557 684 722 756 efficiunt.
778 685 890 776 Quod
918 710 1029 780 quam
1065 685 1218 756 maxime
1254 685 1497 779 perspicuum

195 825 255 879 est
282 809 317 880 in
345 809 500 882 Nauckii
526 812 723 906 nota,.qui
756 839 835 884 cum
874 815 1036 910 singulas
1070 830 1197 907 partes
1231 811 1280 883 ita
1317 812 1416 882 inter
1453 836 1498 882 se

192 937 398 1009 cohaerere
434 955 557 1033 putet:
599 940 717 1012 Keine
750 942 824 1012 der·
849 940 1107 1033 griechischen
1137 941 1268 1012 St'adte
1295 938 1426 1010 nimmt
1455 964 1500 1010 es

195 1064 257 1135 mit
284 1065 399 1136 Tibur
427 1065 493 1136 auf
516 1064 691 1166 (1—14).
738 1068 842 1140 Aber
868 1071 938 1140 wie
967 1070 999 1140 in
1027 1069 1096 1140 der
1122 1069 1239 1140 Natur
1267 1066 1334 1137 aui
1356 1065 1500 1160 Regen

196 1192 473 1265 Sonnenschein
502 1192 605 1289 solgt
638 1220 681 1266 so
709 1197 844 1292 endige
873 1198 931 1277 du,
960 1197 1053 1268 mein
1080 1198 1244 1277 Plancus
1273 1195 1348 1266 den
1377 1194 1500 1265 Gram

289 1323 400 1393 durch
436 1321 565 1403 Wein.
604 1314 811 1418 gleichviel'
832 1325 881 1395 ob
919 1324 967 1394 du
999 1325 1045 1395 im
1079 1325 1205 1418 Lager
1238 1324 1331 1394 oder
1364 1331 1499 1416 sp'a'ter

196 1449 261 1521 aui
289 1451 434 1523 deinem
470 1450 585 1521 Tibur
616 1449 732 1523 weilst
772 1455 971 1547 (15—21).
1028 1451 1134 1522 Auch
1169 1451 1317 1522 Teucer
1352 1467 1499 1521 wusste

197 1578 272 1649 sich
300 1604 342 1649 zu
371 1589 510 1650 tro'sten
540 1593 612 1651 etc.
642 1624 694 1633 -—
722 1599 851 1675 aperte
880 1581 1034 1674 partium
1064 1603 1267 1651 connexum
1296 1603 1368 1679 una
1396 1600 1500 1649 voce

201 1705 337 1776 ›aber‹
370 1705 509 1787 effecit,
546 1733 657 1802 quam
693 1708 722 1778 si
756 1708 919 1786 omittas,
958 1705 1014 1807 (et
1040 1733 1116 1803 quo
1140 1707 1221 1802 jure
1250 1731 1319 1801 per
1353 1707 1496 1776 »aben

198 1833 456 1906 antecedentia
483 1835 599 1906 verba
627 1859 709 1907 cum
737 1835 1016 1929 insequentibus
1046 1835 1289 1931 conjunxerit,
1318 1834 1499 1929 equidem

199 1962 294 2033 nullo
325 1962 436 2032 modo
472 1959 660 2056 intellego)
698 1988 769 2034 non
806 1989 934 2047 unum,
971 1963 1040 2033 sed
1074 1963 1147 2033 duo
1174 1962 1333 2033 carmina
1362 1961 1499 2035 habes,

198 2089 347 2160 Deinde
375 2089 409 2161 in
428 2089 559 2161 Ritteri
580 2091 829 2185 explicatione
858 2116 954 2175 eam,
988 2116 1062 2186 qua
1081 2087 1170 2160 alias
1191 2087 1340 2161 excellit
1360 2089 1503 2186 ingenii

195 2216 393 2313 judiciique
427 2218 545 2290 aciem
573 2244 723 2313 prorsus
751 2219 946 2301 desidero;
974 2244 1057 2290 nam
1085 2219 1186 2314 quod
1214 2217 1320 2289 dicit:
1367 2218 1501 2289 »Post-

200 2369 309 2438 quam
334 2346 459 2440 juveni
487 2344 621 2417 Planco
651 2364 794 2442 patrem
824 2364 863 2419 et
890 2346 1045 2442 patriam
1079 2362 1162 2417 tunc
1190 2346 1317 2418 vitanti
1353 2345 1504 2440 paterni

200 2471 405 2565 patrimonii
428 2473 696 2569 jucunditatem
724 2474 901 2562 laudavit,
931 2474 1085 2570 propius
1114 2474 1301 2545 accedens
1330 2474 1381 2543 ad
1411 2500 1501 2569 pro-

200 2599 360 2694 positum
395 2596 441 2672 illi
480 2603 630 2687 suadet,
666 2619 705 2676 ut
738 2604 879 2675 tristem
920 2602 1076 2674 animum
1120 2619 1244 2684 exuat,
1286 2603 1503 2695 praesentis

202 2722 346 2796 militiae
366 2725 516 2799 labores
536 2753 638 2803 mero
658 2727 818 2802 molliat«
848 2776 899 2789 ,-
928 2730 1158 2803 manifestum
1179 2744 1246 2811 est,
1272 2754 1364 2812 eum,
1395 2731 1504 2825 quod

198 2854 233 2925 in
261 2853 538 2949 insequentibus
565 2859 711 2930 demum
740 2874 1068 2944 commemoratur,
1103 2857 1138 2927 in
1176 2857 1302 2952 priora
1330 2855 1502 2929 intulisse

201 2996 240 3052 et
273 3006 319 3052 ne
357 2983 424 3054 hac
459 2985 608 3079 quidem
642 2987 701 3059 via
731 3001 885 3082 utraque
922 3001 1009 3080 apte
1048 2984 1256 3057 cohaerere
1291 2985 1504 3079 probasse3

201 3122 305 3180 certe
334 3112 505 3206 equidem
533 3137 607 3186 non
634 3115 788 3199 invenio,
818 3142 891 3212 quo
913 3115 1065 3187 consilio
1094 3138 1175 3184 cum
1202 3111 1345 3207 paterni
1376 3111 1505 3185 Planci

202 3237 408 3332 patrimonii
445 3238 553 3314 laude
598 3245 708 3338 (quae
746 3260 946 3339 praeterea
986 3265 1165 3337 nusquam
1195 3237 1333 3341 exstat)
1363 3240 1502 3313 adhor-

202 3365 401 3451 tationem,
437 3384 477 3440 ut
507 3371 689 3444 tristitiam
717 3370 876 3468 pelleret
904 3389 943 3445 et
969 3372 1120 3444 labores
1149 3368 1296 3441 militiae
1328 3366 1505 3445 molliret.

204 3493 347 3566 interno
376 3497 538 3592 quodam
564 3524 661 3572 nexu
688 3514 806 3595 poeta
839 3500 1062 3595 conjungere
1097 3497 1266 3592 potuerit.
1325 3495 1504 3593 Denique

205 3625 404 3696 secundum
444 3624 660 3701 hlewesium
680 3633 705 3726 1)
752 3626 1073 3718 DillenburgeruS‚
1116 3625 1216 3697 cuius
1258 3623 1374 3696 editio
1420 3625 1507 3698 mihi

204 3774 276 3822 non
305 3752 569 3847 suppeditabat
585 3757 630 3851 2),
666 3757 860 3830 Horatium
893 3756 1052 3827 carmina
1080 3754 1130 3826 ita
1159 3751 1236 3823 fere
1265 3752 1516 3830 continuasse.

207 3895 355 3964 censet,
389 3895 485 3952 utu.
521 3906 640 3974 1--14
674 3885 837 3981 singulas
875 3896 1107 3956 enumeraret
1142 3879 1272 3977 urbem
1307 3879 1343 3951 in
1374 3881 1509 3975 quibus

208 4004 362 4080 feliciter
394 4007 461 4080 vivi
494 4021 643 4102 posset3
683 4012 818 4084 deinde
853 4037 889 4083 ν.
932 4013 1081 4102 15-18
1118 4034 1140 4080 a
1176 4007 1305 4078 dolore
1335 4023 1378 4080 et
1406 4035 1509 4082 mae-

210 4220 473 4229 ——-·———.-—-.—..

319 4340 338 4409 ¹)
360 4343 460 4406 Mewes‚
477 4341 675 4406 Jahresberichte
694 4348 738 4397 des
756 4348 844 4413 philol.
866 4348 969 4397 Vereins
987 4348 1013 4396 in
1032 4345 1115 4395 Berlin
1138 4340 1204 4402 1877
1224 4358 1250 4406 p.
1271 4352 1331 4402 302.

317 4432 337 4503 ²)
357 4434 441 4484 Etiam
466 4432 595 4485 Schenklii
623 4437 654 4486 de
679 4438 728 4486 hoc
751 4437 860 4485 carmine
885 4435 1122 4485 commentationem
1149 4429 1277 4498 (Zeitschr.
1301 4433 1319 4482 f.
1348 4436 1375 4484 d.
1408 4448 1513 4492 oestem

208 4527 329 4593 Gymnas.
353 4525 431 4594 1878)
450 4527 510 4576 mihi
530 4536 629 4591 praesto
648 4545 699 4578 non
717 4528 793 4579 fuisse
812 4528 895 4578 doleo.
