3120 4838
640 250 859 313 ..41-

268 412 387 481 Horat.
411 436 508 484 earm.
531 415 590 483 1Π
612 422 670 497 16,
701 423 825 485 1-11:
856 418 1029 497 ‚Inclusam
1057 417 1194 484 Danaen
1227 418 1326 484 turris

167 520 291 588 ahenea
312 523 543 609 Robustaeque
566 525 649 591 sores
669 532 702 591 et
725 526 855 610 vigilum
887 547 1003 591 canum
1026 525 1148 592 Tristes
1175 525 1327 593 excubiae

167 631 350 697 munierant
364 632 443 696 satis
457 630 636 698 Nocturnis
651 632 693 699 ab
708 633 871 714 adulteris
891 633 926 700 si
942 655 1005 699 non
1020 634 1183 698 Acrisium
1198 634 1327 717 virginis

168 735 299 802 abditae
322 737 496 815 Custodem
518 739 671 824 pavidum
692 741 846 826 Juppiter
867 748 899 808 et
920 741 1032 809 Venus
1053 740 1227 807 Risissent:
1258 740 1327 807 fore

170 846 255 910 enim
275 851 380 912 tutum
403 848 465 913 iter
488 856 521 913 et
541 854 657 933 patens
679 848 842 916 Oonverso
862 851 897 915 in
917 850 1056 934 pretium
1087 849 1155 916 deo.
1198 848 1327 915 Aurum

168 975 227 1038 per
248 954 369 1020 medios
395 957 442 1020 ire
469 956 621 1022 satellites
642 957 688 1024 Et
709 979 914 1043 perrumpere
941 964 1029 1023 amat
1059 979 1137 1023 saxa
1166 959 1327 1042 potentins

168 1062 245 1127 Ictu
270 1062 440 1147 fulmineo‘,
468 1063 548 1132 Luc.
571 1065 643 1150 gall
668 1069 706 1131 13
735 1058 764 1145 ,ὁ
792 1067 828 1131 δὲ
848 1058 987 1131 πάντων
1016 1067 1108 1130 θεῶν
1135 1061 1241 1151 πατὴρ
1271 1066 1325 1129 καὶ

170 1162 313 1253 ἀνδρῶν,
343 1164 516 1255 ὁΚρόιόυ
550 1174 603 1237 καὶ
632 1167 734 1253 Ῥέας,
766 1165 867 1238 duone
895 1167 1024 1258 ἠράσθη
1055 1175 1111 1257 τῆς
1143 1168 1325 1256 Ἀργολικῆς

169 1276 290 1363 ἐκείνης
309 1280 469 1365 μείρακος,
500 1277 562 1346 οὐκ
589 1279 674 1366 ἔχων
701 1281 734 1360 ἐς
753 1274 774 1347 ὅ
794 1305 826 1346 τι
848 1275 1086 1367 ἐρασμιώτερον
1107 1275 1209 1346 αὐτὸν
1231 1303 1325 1364 μετα-

169 1378 273 1469 βάλοι,
304 1382 383 1453 ου’όὲ
409 1381 502 1467 ὅπως
522 1383 568 1455 dv
591 1391 788 1477 διαφθείρειε
814 1394 875 1457 τοῦ
894 1385 1053 1476 Ἀκρισίου
1077 1384 1136 1475 τὴν
1163 1380 1323 1473 φρουράν,

169 1480 298 1572 υίκουέις
320 1492 443 1583 δήπου
467 1491 514 1575 ὡς
538 1498 674 1584 χρυσίου
701 1498 828 1585 ἐγένετο
853 1502 905 1565 καὶ
932 1499 1017 1586 ῥυεὶς
1047 1495 1101 1564 διὰ
1125 1500 1185 1563 τοῦ
1212 1497 1326 1582 τέγους

170 1606 269 1689 συνῆν
289 1608 329 1688 τῇ
348 1600 569 1692 είγαπωμὲυῃί.
611 1607 716 1673 Addit
738 1609 781 1674 A.
804 1609 1018 1687 Heinrichius,
1050 1628 1126 1672 sane
1155 1606 1187 1670 in
1212 1604 1322 1668 ultimo

169 1713 272 1797 capite
287 1718 327 1780 14
349 1736 422 1780 eum
436 1736 565 1780 versum
584 1714 702 1797 afferri,
724 1718 780 1800 qui
801 1723 883 1782 teste
898 1715 1039 1782 Stobaeo
1049 1714 1075 1800 1)
1099 1737 1138 1779 ex
1159 1711 1325 1796 Euripidis

169 1820 288 1902 fabula,
311 1843 393 1906 quae
414 1822 599 1888 inscribitur
613 1822 739 1906 Danae,
761 1832 906 1909 sumptus
929 1844 998 1888 esse
1012 1822 1167 1888 videatur.
1212 1819 1324 1903 Atque

168 1934 206 1993 nt
225 1930 362 2013 primum
380 1931 420 1996 de
439 1931 500 1996 hoc
520 1953 613 1997 versu
635 1921 673 2010 ,ὦ
696 1933 801 2018 χρυοὲ,
825 1933 966 2015 δεξίωμα
988 1923 1163 1995 κάλλιστον
1182 1930 1324 2012 βροτοῖς(

169 2035 282 2119 dicam,
312 2059 424 2104 revera
453 2062 492 2104 ex
513 2040 678 2125 Euripidis
699 2042 816 2107 Danae
846 2062 918 2105 eum
948 2045 1110 2123 sumptum
1142 2058 1210 2103 esse
1241 2057 1324 2101 eom·

168 2144 306 2229 probant
323 2145 549 2236 Dindorfius²)‚
571 2148 779 2233 Nanckiusb,
802 2146 1090 2229 EEritzsehius4),
1113 2146 1168 2229 qui
1183 2143 1324 2210 Stobaeo

168 2253 320 2318 maiorem
338 2254 436 2320 fidem
456 2256 604 2322 tribuunt
625 2279 721 2341 qnam
736 2256 878 2324 Senecae
889 2255 925 2342 ⁵),
949 2255 1003 2338 qui
1023 2274 1061 2317 ex
1076 2249 1324 2334 Bellerophonte

139 2406 142 2411 <
168 2358 331 2444 Euripidis
354 2384 426 2428 eum
449 2363 551 2430 affert.
571 2349 575 2358 ⁸
595 2364 710 2449 Neque
730 2371 838 2430 tamen
860 2367 1032 2446 propterea
1047 2359 1133 2443 quod
1148 2359 1200 2423 hie
1215 2379 1324 2421 versus

169 2489 208 2532 en
233 2467 397 2555 Euripidis
419 2471 534 2538 Danae
561 2474 679 2557 petitus
709 2479 765 2552 est,
796 2478 865 2537 tota
896 2469 983 2553 apud
1005 2469 1184 2533 Lueiannm
1213 2464 1324 2529 fabula

168 2575 241 2642 inde
262 2577 389 2645 fluxisse
411 2582 556 2664 putanda
586 2587 644 2661 est,
675 2582 732 2648 sed
753 2581 877 2665 uulgari
906 2578 1009 2654 mode,
1042 2577 1170 2660 qualem
1190 2573 1323 2657 Apollo-

169 2681 299 2770 dorusi)
325 2693 357 2751 et
378 2687 563 2776 Hyginnsb
591 2687 734 2755 fabulam
763 2686 921 2767 exhibent,
953 2708 1017 2750 non
1048 2685 1126 2747 certi
1157 2683 1322 2764 scriptoris

169 2794 311 2876 exemplo
334 2817 404 2860 eum
426 2813 496 2862 rem
515 2818 663 2863 narrasse
684 2799 784 2882 ipsius
806 2797 872 2860 eius
889 2795 987 2860 verba
1006 2787 1146 2874 ,ἀκούεις
1166 2785 1226 2876 ἤδη
1245 2799 1321 2853 nou‘

166 2885 318 2969 indicant.
361 2902 450 2988 Ergo
478 2926 581 2988 neque
607 2904 751 2989 Menippi
772 2903 935 2968 Lucianns
965 2903 1017 2967 hic
1048 2899 1235 2965 recordatus
1267 2904 1323 2974 est,

168 3032 270 3094 neque
289 3010 455 3094 habemus,
486 3034 543 3077 cur
564 3013 703 3079 Horatio
725 3013 912 3094 Menippum
937 3017 1012 3075 ante
1035 3009 1142 3074 oculos
1162 3012 1323 3072 versatum

170 3141 238 3184 esse
254 3119 403 3185 dieamus,
448 3120 497 3186 At
517 3123 642 3201 mirum,
666 3123 752 3205 quod
770 3128 806 3185 nt
820 3119 984 3184 Lucienus
1003 3120 1049 3184 ita
1063 3117 1221 3182 Horatius
1239 3115 1323 3180 hanc

169 3227 312 3294 fabulam
340 3228 382 3294 ad
409 3229 634 3294 illustrandum
662 3231 740 3295 illud
769 3250 857 3309 ‚auro
889 3227 1006 3293 cedunt
1035 3227 1150 3291 omnia‘
1183 3223 1322 3290 adhibet.

169 3336 251 3401 Mihi
272 3337 399 3420 quidem
420 3361 460 3403 ne
488 3339 562 3403 huie
582 3338 710 3422 quidem
738 3338 785 3402 rei
814 3334 990 3419 quidquam
1018 3332 1222 3399 tribuendum
1254 3354 1322 3396 esse

169 3444 308 3524 videtur;
335 3468 417 3525 narn,
439 3468 512 3511 cum
534 3445 660 3512 fabulas
682 3446 816 3530 exempli
837 3465 936 3509 causa
958 3442 1072 3508 afferre
1098 3441 1323 3519 constituisset,

169 3553 204 3617 in
225 3553 308 3618 hano
330 3576 456 3639 quoque
477 3576 549 3620 enm
567 3556 706 3620 incidere
728 3574 856 3620 necesse
878 3551 948 3619 fuit.

273 3681 390 3747 Horat.
412 3690 471 3750 sat.
492 3683 530 3748 H
557 3686 586 3762 2,
618 3687 771 3750 70-72:
802 3678 935 3764 ,Accipe
964 3701 1055 3757 nunc,
1087 3678 1187 3742 victus
1215 3676 1322 3741 tenuis

169 3809 255 3873 quae
275 3797 457 3874 quantaque
479 3813 586 3856 secum
608 3790 757 3858 Adferat.
800 3789 970 3871 Inprimis
993 3787 1098 3852 valeas
1127 3785 1224 3851 bene:
1247 3806 1322 3848 nam
1451 3860 1456 3867 .
1509 3834 1512 3841 .

168 3897 279 3962 vanae
307 3918 357 3962 res
385 3897 432 3964 Ut
457 3904 594 3964 noceant
621 3898 741 3964 homini
771 3896 901 3974 eredas,
945 3895 1023 3962 Luc.
1051 3894 1122 3978 gall.
1158 3897 1199 3960 ‘23
1229 3886 1322 3971 ,ὥςτε
1355 3934 1359 3942 -

274 4133 381 4201 ¹)xc1‚
400 4134 424 4197 4,
447 4132 499 4184 vol.
518 4133 558 4185 111
577 4131 616 4186 ed.
636 4131 719 4185 Gaisf.
738 4148 763 4199 p.
781 4130 840 4183 217.
966 4127 987 4193 ί)
1006 4130 1076 4195 poet.
1101 4142 1169 4180 seen.
1194 4121 1319 4176 ‹inconn-
1343 4182 1348 4189 .

172 4220 272 4287 ομιίαα
291 4238 315 4288 p.
331 4223 372 4288 90,
392 4223 496 4275 Danaes
517 4222 567 4291 frg.
579 4222 650 4276 XIV.
755 4220 776 4287 ³)
796 4224 864 4282 trag.
883 4216 928 4269 Gr.
947 4218 996 4284 frg.
1015 4235 1038 4284 p.
1057 4218 1116 4269 363.
1217 4216 1239 4282 ⁴)
1258 4214 1322 4268 edit.

170 4315 234 4374 Luc.
253 4311 314 4369 adn.
330 4328 353 4366 a.
371 4311 397 4366 h.
415 4311 603 4382 tilpino.
672 4311 693 4379 ⁵)
711 4312 789 4380 epist.
808 4307 886 4363 CXV.
956 4305 977 4375 Β)
997 4307 1024 4360 11
1043 4308 1067 4370 4,
1087 4309 1108 4360 l.
1181 4305 1199 4376 ἶ)
1217 4305 1268 4361 tab.
1279 4306 1319 4363 63.
