3120 4838
646 266 858 329 „19-

274 431 394 498 Horat.
421 438 480 499 sat.
504 439 573 515 13,
603 438 658 501 80:
692 435 808 519 ¹,Siquis
838 457 910 501 eum
937 457 1071 517 serrum,
1101 436 1244 520 patinam
1271 433 1325 518 qui

169 539 286 605 tollere
311 541 419 623 jussus
445 540 608 607 Semessos
635 543 737 627 pisces
760 542 964 626 tepidumque
991 544 1164 627 ligurrierit
1188 544 1252 626 jus,
1285 543 1325 607 In

169 668 266 711 cruce
289 647 436 732 suffigat:
470 648 622 714 Labeone
643 651 785 714 insanior
806 651 889 715 inter
910 650 1013 717 Sanos
1035 650 1170 715 dicatur‘
1195 657 1228 714 et
1247 649 1325 716 Luc.

167 753 281 819 Prom.
312 758 354 822 10
386 750 467 834 ,ἄλλ’
494 751 585 840 ὅμως
610 755 745 821 ἐκείνων
773 752 836 821 οὐκ
863 755 950 822 ἔστιν
984 750 1084 834 ὅςτις·
1103 760 1151 842 τῷ
1182 757 1324 842 μαγείρῳ

168 863 316 944 σταυροῦ
338 856 380 927 dv
399 857 575 948 τιμήσαιτο,
604 864 633 927 εἰ
659 861 700 928 τὰ
721 865 801 947 κρέα
822 861 914 945 ἕψων
943 866 1054 941 καθεὶς
1075 859 1135 929 τὸν
1161 858 1325 929 δάκτυλον

166 972 229 1034 τοῦ
245 972 356 1054 ζωμοῦ
371 994 404 1034 τι
418 966 685 1056 περιελιχμήσατο
700 965 721 1056 ἢ
741 966 948 1055 ὀπτωμένων
968 967 1161 1049 ἀποσπάσας
1182 997 1214 1036 τι
1233 995 1325 1036 κοτε-

167 1069 357 1161 βοόχθισεν.
400 1079 428 1142 εἰ
449 1079 485 1143 δὲ
506 1081 557 1142 καὶ
590 1075 678 1142 πάνυ
709 1073 903 1163 ὀργισθεῖεν.
932 1118 974 1130 -
1004 1075 1265 1172 ἀνεσκολοπίσθη
1290 1080 1326 1143 δὲ

168 1179 278 1263 οὐδεὶς
299 1182 376 1270 παρ’
405 1182 517 1265 οὕτως
544 1191 614 1251 τῶν
641 1183 847 1272 τηλικούτων
877 1186 987 1253 ἓιιειιιιί.
1031 1189 1084 1254 Ne
1104 1189 1167 1276 'plaic
1196 1188 1324 1273 q'uidem

168 1315 244 1359 cum
265 1293 388 1360 Theod.
410 1296 587 1360 Fritzschio
608 1296 701 1376 facio,
732 1317 804 1360 cnm
831 1318 869 1360 ex
898 1317 1071 1379 progressu
1094 1297 1324 1361 sententiarum

167 1404 351 1467 necessario
380 1402 460 1467 haec
491 1404 588 1467 rerba
613 1409 692 1467 nata
726 1424 794 1467 esse
827 1424 984 1468 censeam.
1038 1402 1148 1486 Atque
1175 1403 1324 1481 Horatio,

168 1512 226 1594 qui
249 1532 321 1575 cumr
339 1511 492 1576 adversus
521 1513 693 1576 stoicorum
722 1511 802 1576 illud
832 1513 934 1595 ,paria
963 1533 1031 1575 esse
1058 1518 1191 1594 peccata
1219 1512 1325 1575 omnia

167 1619 356 1702 pariterque
370 1619 541 1703 punienda‘
564 1624 694 1702 pugnet,
716 1640 816 1702 parra
832 1620 1006 1684 amicorum
1025 1626 1158 1702 peccata
1181 1621 1325 1683 excusari

168 1728 247 1808 vult,
270 1728 384 1792 hocin
407 1730 512 1793 animo
536 1734 621 1792 erat:
653 1728 679 1791 si
709 1726 749 1791 ab
781 1727 926 1791 omnibus
953 1727 1057 1790 insani
1087 1748 1155 1791 esse
1182 1732 1325 1808 putatur,

169 1835 343 1900 crudeliter
364 1837 414 1901 rel
433 1837 466 1899 in
486 1836 630 1900 homines
653 1835 773 1899 minimi
809 1836 912 1918 pretii,
944 1837 998 1919 qui
1020 1835 1142 1918 aliquid
1164 1836 1327 1901 commise-

171 1951 257 2027 runt,
280 1945 394 2026 invehi,
416 1952 535 2027 quanto
551 1945 654 2027 magis
670 1943 965 2027 reprehendendum
981 1950 1038 2025 est,
1061 1944 1087 2007 si
1103 1945 1173 2026 quis
1188 1946 1326 2009 amicum

171 2052 214 2117 ob
234 2073 369 2136 parvum
390 2052 520 2136 aliquod
539 2051 688 2116 delictum
712 2051 779 2116 odit
801 2059 899 2134 atque
922 2050 1026 2134 fugit?
1069 2051 1144 2117 Hoc
1166 2059 1251 2117 certe
1272 2054 1325 2118 ille

173 2159 212 2224 de
234 2181 292 2224 suo
315 2160 511 2244 deprompsit
532 2182 637 2243 neque
657 2160 728 2223 ideo
750 2180 941 2241 quemquam
964 2164 1038 2222 ante
1054 2159 1161 2224 oculos
1175 2159 1325 2225 habuisse

172 2268 236 2334 dici
258 2274 373 2352 potest,
396 2269 470 2351 quia
491 2268 588 2351 paulo
611 2267 768 2350 copiosius
787 2266 820 2329 id
843 2266 1017 2348 descripsit.
1061 2264 1325 2349 Circumspiciens

171 2376 277 2459 igitur,
309 2396 404 2458 quem
430 2375 532 2438 amieo
564 2381 748 2457 opponeret,
780 2374 898 2437 scilicet
926 2374 958 2437 in
985 2394 1119 2452 serrum,
1155 2375 1209 2455 qui
1235 2375 1325 2439 nihili

172 2483 413 2564 aestimabatur,
435 2483 555 2562 incidit,
579 2489 611 2546 et
632 2483 664 2546 in
688 2504 768 2562 enm,
793 2483 847 2563 qui
868 2482 901 2544 in
921 2502 999 2545 cena
1015 2480 1144 2563 aliquod
1162 2482 1325 2562 negotium

171 2590 315 2671 haberet,
337 2591 412 2674 quia
426 2591 510 2655 inter
525 2590 703 2654 cenandum
718 2590 855 2654 amicum
875 2589 1109 2670 delinquentem
1124 2588 1229 2652 facere
1251 2610 1324 2653 con-

173 2701 328 2766 stituerat.
373 2699 482 2782 Atque
506 2699 595 2780 eligit
618 2719 699 2776 eum,
723 2698 777 2779 qui
800 2695 887 2760 cibos
902 2696 1012 2760 tollere
1024 2696 1131 2778 jussus
1147 2702 1203 2762 est.
1245 2696 1326 2761 Jam

173 2808 259 2890 quod
279 2809 448 2891 ligurriens
471 2826 580 2871 sertus
601 2805 731 2888 fingitur
755 2805 793 2868 de
810 2804 948 2886 piscibus
964 2811 995 2868 et
1011 2805 1084 2887 jure
1099 2810 1195 2887 atque
1210 2826 1324 2887 poena,

173 2936 238 2997 qua
258 2915 310 2979 ille
333 2937 353 2978 a
377 2936 454 2979 sano
468 2895 596 2978 homine
609 2934 673 2977 non
689 2911 858 2993 alliciatur,
882 2913 983 2976 crucis
998 2913 1187 2995 supplicium
1201 2912 1324 2989 dicitur,

171 3022 291 3087 nullam
312 3023 522 3106 suspicionem
549 3026 662 3099 moret,
692 3021 768 3102 quia
796 3019 876 3085 haec
904 3021 1008 3084 omnia
1038 3021 1203 3084 tritissima
1224 3026 1324 3088 erant.

173 3130 295 3213 Jtaque
316 3153 355 3194 ex
374 3132 443 3213 ipso
466 3130 696 3194 sententiarum
720 3149 891 3211 progressu
913 3127 992 3191 haec
1013 3127 1111 3192 verba
1134 3134 1206 3193 orta
1233 3135 1323 3206 sunt;

173 3258 275 3323 neque
297 3239 390 3303 aliter
411 3238 497 3322 apud
519 3236 706 3302 Lucienum.
750 3236 785 3299 Is
807 3237 890 3299 enirn
916 3237 1052 3318 exponit,
1084 3258 1181 3318 quam
1208 3237 1324 3319 injuste

172 3345 324 3429 luppiter
334 3346 562 3410 Prometheum
578 3343 724 3409 Caucaso
740 3344 835 3407 claris
850 3343 1044 3426 affigendum
1060 3345 1226 3424 curaverit,
1249 3347 1325 3427 quia

172 3453 224 3518 ille
245 3455 278 3518 in
306 3455 447 3518 carnium
478 3451 699 3517 distributione
728 3452 789 3533 ipsi
817 3452 928 3532 malae,
962 3451 1021 3514 sibi
1049 3453 1187 3535 optimas
1215 3460 1325 3535 partes

173 3563 347 3643 exemisset,
375 3584 472 3645 quam
494 3562 643 3643 injuriam
665 3566 701 3622 ut
729 3559 876 3639 illustret,
911 3559 1051 3642 opponit,
1081 3560 1240 3641 quomodo
1269 3562 1324 3626 ho·

172 3671 271 3734 mines
293 3670 385 3734 simili
407 3672 438 3733 in
460 3690 495 3732 re
519 3689 552 3731 se
575 3673 698 3750 gerant.
741 3665 852 3748 Atque
883 3667 976 3748 coqui
1004 3671 1171 3750 peccatum
1194 3667 1325 3750 aliquod

173 3777 331 3861 quomodo
355 3778 398 3841 illi
420 3778 589 3858 accipiant,
613 3773 856 3838 describendum
880 3773 939 3836 sibi
960 3774 1119 3856 proponit,
1146 3776 1248 3856 coqui,
1278 3778 1324 3841 in·

173 3906 280 3969 quam,
309 3906 372 3949 nou
401 3885 494 3967 pueri
523 3883 609 3947 cibos
635 3882 746 3946 tollere
772 3880 860 3963 jussi.
904 3881 1013 3946 Etiam
1042 3882 1126 3945 hanc
1152 3883 1325 3966 imaginem

174 4013 211 4056 eo
231 3991 326 4056 modo
348 3992 528 4056 institutam
550 4012 627 4069 esse,
657 3995 693 4053 ut
716 3989 809 4070 coqui
832 3988 1016 4071 cuppediae,
1043 3988 1124 4069 juris
1145 3991 1325 4078 carnisque,

174 4100 274 4163 crucis
296 4119 418 4181 poenae
439 4099 557 4162 mentio
580 4098 679 4175 tieret,
701 4100 947 4159 consentaneum
976 4100 1032 4173 est,
1066 4113 1139 4157 cum
1160 4093 1325 4167 Lucienus

175 4227 213 4271 ea
239 4212 386 4289 sumeret,
421 4228 503 4289 quae
533 4205 716 4288 saepissime
745 4203 876 4269 viderat.
920 4202 1035 4285 Itaque
1063 4223 1128 4266 non
1158 4202 1324 4291 habemns,

176 4335 230 4381 our
262 4314 402 4380 Horatio
433 4325 465 4378 et
495 4313 640 4378 Luciano
674 4313 771 4377 alium
804 4311 1009 4393 scriptorem,
1037 4308 1155 4375 nedum
1187 4313 1324 4384 eundem

1183 4427 1220 4483 2*
