3120 4838
694 256 906 321 ..33-

220 426 408 507 argumenta
435 422 643 506 conquireret,
673 423 787 506 quibus
807 423 1001 491 Promethea
1022 447 1042 490 a
1066 424 1091 491 J
1093 426 1158 490 ovis
1186 424 1371 491 criminibus

220 530 413 595 defenderet.
459 528 542 594 'lum
571 552 645 596 vero
675 533 776 597 omnia
803 553 909 611 causa,
938 552 995 596 cur
1016 532 1156 597 Horatio
1183 532 1371 615 Menippum

220 641 295 701 ante
324 637 430 702 oculos
460 635 664 702 obversatum
693 658 761 703 esse
789 640 963 722 opinemur,
994 639 1141 705 concidit.
1196 640 1371 706 Praeterea

220 744 304 809 hunc
321 744 538 809 Horatianum
558 745 662 810 locum
678 747 806 812 omnino
828 754 895 813 tam
915 748 1105 832 singularem
1122 769 1198 827 esse,
1222 754 1258 813 ut
1273 749 1372 813 ullam

220 854 405 918 imitationis
427 853 636 936 suspicionem
658 862 791 934 moveat,
817 877 908 939 nego.
954 855 1051 922 Cuius
1083 857 1128 921 rei
1156 857 1373 922 testimonium

122 1018 124 1025 ,
220 968 269 1027 est
282 963 440 1046 poeticum
455 962 535 1026 illud
553 965 648 1047 ,μισῶ
663 956 813 1047 μνάμονα
830 959 1010 1048 συμπόταν
1027 963 1202 1031 aLueiano
1218 987 1305 1031 conv.
1320 969 1372 1052 3¹)

219 1070 380 1137 traditum.

319 1200 437 1267 Horat.
463 1199 502 1265 ΙΙ
530 1204 564 1279 3,
592 1202 776 1266 253-257:
817 1198 967 1277 ,faciasne
1000 1200 1085 1282 quod
1116 1201 1191 1265 olim
1224 1200 1371 1265 Mutatus

116 1302 121 1327 ‘
220 1307 396 1374 Polemon?
437 1330 539 1393 ponas
562 1309 696 1392 insignia
718 1306 829 1384 morbi,
853 1361 859 1375 .
883 1362 890 1374 .
912 1362 918 1374 .
940 1315 1034 1391 potus
1056 1314 1092 1374 ut
1110 1309 1162 1374 ille
1182 1309 1310 1373 Dicitur
1333 1332 1372 1373 ex

220 1417 301 1481 collo
323 1415 434 1481 furtim
457 1417 613 1500 carpsisse
635 1437 777 1495 coronas,
805 1415 1014 1499 Postquamst
1035 1417 1177 1500 inpransi
1206 1423 1372 1501 correptus

219 1545 295 1589 voce
312 1526 458 1608 magistri
468 1522 505 1606 P‘,
537 1523 615 1590 Luc.
637 1523 686 1588 bis
707 1544 810 1588 accus
836 1528 874 1587 16
902 1518 982 1606 ,κατ’
1010 1517 1160 1608 ὀλίγον..
1175 1573 1204 1590 ..
1229 1518 1372 1608 ἀνένηφε
1400 1562 1404 1567 -

220 1634 276 1718 (sc.
300 1626 318 1697 ὁ
341 1632 517 1719 Πολέμων)
534 1628 618 1718 πρὸς
639 1628 716 1709 τούς
737 1627 854 1715 λόγους
875 1633 928 1695 καὶ
950 1628 1136 1716 ἀφαιρεῖται
1157 1627 1235 1709 τούς
1255 1626 1371 1715 στεφά-

219 1746 317 1817 νονςί.
362 1740 511 1805 Adnotat
528 1747 635 1805 autem
658 1743 697 1806 A.
718 1739 932 1818 Heinrichius,
955 1761 989 1804 se
1011 1762 1049 1805 ea
1069 1740 1197 1824 quidem
1218 1762 1261 1815 re,
1283 1740 1371 1823 quod

220 1851 346 1914 omnino
368 1851 485 1914 mentio
506 1849 597 1914 fieret
619 1848 660 1913 ab
682 1848 822 1913 Horatio
846 1854 877 1911 et
897 1847 1041 1913 L'uciano
1070 1848 1163 1912 huius
1185 1848 1369 1913 Polemonis

219 1956 363 2036 fabellae,
386 1979 449 2022 non
466 1963 658 2021 commotum
674 1978 750 2036 esse,
769 1962 806 2019 ut
823 1955 1012 2020 affinitatem
1027 1955 1189 2039 quandam
1203 1957 1285 2020 inter
1300 1957 1371 2021 illos

218 2066 414 2130 intercedere
434 2071 572 2148 putaret.
617 2063 712 2148 Quod
733 2070 820 2128 recte
846 2063 931 2145 dicit,
960 2086 1035 2128 nam
1057 2066 1222 2129 notissima
1242 2064 1298 2128 illa
1324 2070 1373 2128 est

220 2176 465 2258 saepissimeque
485 2174 622 2258 prodita,
643 2172 782 2240 aValer.
795 2171 924 2239 Maxim.
938 2171 989 2239 VI
1008 2178 1026 2236 9
1042 2180 1102 2240 ext.
1118 2179 1147 2255 1,
1171 2195 1190 2237 a
1204 2173 1370 2239 Plutarch.

220 2284 259 2349 de
288 2283 406 2349 adulat.
431 2290 463 2347 et
491 2283 593 2346 amico
615 2285 665 2356 32,
694 2280 734 2345 ab
758 2280 899 2344 Arriano
920 2280 1058 2362 Epictet.
1081 2281 1153 2347 diss.
1176 2281 1234 2345 ΙΙΙ
1257 2286 1286 2359 1,
1320 2285 1370 2360 14,

218 2391 280 2474 IV,
310 2396 357 2471 11,
386 2393 437 2470 30,
462 2412 482 2454 a
508 2390 602 2473 Diog.
624 2389 735 2454 Laert.
759 2387 811 2454 IV
834 2392 863 2466 3,
893 2393 909 2452 1
935 2410 991 2471 sq.,
1020 2389 1060 2452 ab
1089 2389 1228 2472 Origene
1258 2395 1372 2454 contra

220 2500 347 2566 Oelsum
369 2499 388 2563 I
409 2503 460 2576 64,
482 2496 539 2563 ΠΙ
563 2502 613 2578 67,
633 2519 653 2560 a
670 2497 845 2561 Themistio
867 2502 945 2562 orat.
961 2496 1090 2564 XXIV
1111 2520 1142 2580 p.
1158 2500 1260 2579 303²).
1306 2496 1373 2562 sed

219 2609 324 2688 verba,
348 2607 464 2692 quibus
487 2628 525 2671 ea
548 2606 588 2670 ab
612 2604 767 2670 ambobus
789 2610 921 2669 narrata
940 2610 996 2686 est,
1022 2605 1064 2670 A.
1074 2605 1260 2669 Heinrichio
1282 2605 1372 2670 illam

219 2718 428 2800 suspicionem
450 2721 626 2779 moverunt.
670 2712 874 2798 Quamquam
896 2735 935 2776 ne
956 2713 1035 2777 haec
1058 2713 1184 2796 quidem
1211 2714 1257 2776 ita
1286 2734 1373 2778 com·

218 2832 334 2909 parata
356 2830 438 2888 sunt.
483 2823 569 2887 Nam
591 2823 669 2886 illud
701 2843 786 2903 ,voce
808 2821 952 2904 magistri
975 2828 1139 2904 correptus
1169 2842 1302 2885 coronas
1332 2842 1372 2885 ex

219 2933 298 2998 collo
319 2933 455 3015 carpsit‘,
485 2926 637 3015 ,ἀνένηφε
666 2926 751 3014 πρὸς
775 2924 853 3006 τοὺς
875 2925 990 3012 λόγους
1010 2930 1064 2992 καὶ
1086 2923 1271 3012 ἀφαιρεῖται
1292 2926 1372 3007 τοὺς

218 3032 418 3122 στεφάνονςζ,
441 3060 513 3102 cum
528 3039 599 3121 ipsa
613 3039 674 3103 hac
689 3038 873 3102 narratione
891 3041 1072 3102 contextum
1088 3043 1145 3118 est,
1167 3036 1253 3120 quod
1270 3037 1372 3103 refert

218 3151 313 3215 etiam
342 3146 452 3214 Valer.
481 3145 640 3210 Maximus
664 3146 716 3213 VI
748 3151 779 3225 9,
816 3149 832 3208 1
869 3167 1028 3225 ,coronam
1059 3146 1163 3228 capite
1191 3144 1371 3211 detractam

218 3257 371 3341 proiecit‘.
414 3254 531 3336 Itaque
548 3254 598 3318 his
621 3275 748 3337 quoque
770 3254 846 3319 locis
866 3255 908 3321 A.
929 3253 1134 3318 Heinrichius
1155 3254 1285 3318 nimiam
1306 3255 1370 3319 vim

217 3364 337 3430 tribuit.
1174 3436 1179 3449 .

319 3471 435 3536 Horat.
464 3475 522 3534 sat.
551 3470 570 3534 I
598 3473 648 3552 10,
677 3474 735 3536 71:
768 3469 880 3554 ‚Saepe
910 3474 1007 3552 caput
1039 3467 1191 3546 scaberet,
1225 3468 1310 3532 vivos
1339 3474 1372 3533 et

217 3579 346 3645 roderet
373 3583 514 3661 ungues‘,
546 3577 625 3645 Luc.
655 3578 768 3661 dialog.
799 3578 884 3644 deor.
906 3575 1021 3640 XXII
1052 3579 1067 3638 1
1101 3579 1141 3654 ,τί
1170 3570 1282 3640 dcxciv
1309 3571 1371 3642 τὸν

218 3677 380 3750 δάκτυλον
402 3692 503 3769 ζητεῖς
524 3685 576 3748 καὶ
597 3683 650 3748 ἐπὶ
669 3680 755 3749 πολὺ
771 3679 929 3769 dropace?
952 3684 1068 3748 rhetor.
1080 3689 1238 3767 praecept.
1253 3688 1291 3747 11
1308 3679 1372 3766 ,sd-

218 3789 322 3880 ρήοεις
336 3845 360 3862 ..
374 3846 380 3859 .
393 3787 516 3877 ἄνδρα.
531 3846 537 3860 .
551 3846 558 3860 .
570 3797 619 3879 τῷ
643 3787 795 3878 δακτύλῳ
822 3788 913 3877 ἄκρῳ
936 3787 994 3876 τὴν
1016 3788 1159 3876 κεφαλὴν
1180 3787 1371 3874 κνώμενονι.

219 3902 255 3968 Si
273 3903 388 3969 Lucilii
411 3907 468 3968 sat.
490 3901 583 3986 frgm.
606 3902 749 3983 XXIX,
771 3906 811 3966 95
831 3925 861 3985 p.
887 3904 947 3966 115
971 3898 1019 3966 ed.
1040 3899 1136 3974 Muel.
1160 3900 1220 3975 ‚hic
1241 3923 1292 3965 rna
1315 3901 1372 3967 ubi

217 4011 304 4094 vidit,
329 4008 560 4090 subblanditur,
582 4012 742 4094 palpatur,
765 4014 863 4092 caput
877 4009 998 4090 scabit‘,
1022 4006 1108 4091 quod
1130 4029 1206 4072 sane
1222 4009 1261 4072 de
1281 4008 1371 4075 blan-

220 4164 449 4176 ψ

319 4244 340 4314 1)
357 4245 390 4298 ad
408 4241 478 4311 qnod
495 4242 608 4296 Solanus
629 4244 691 4297 Luc.
710 4241 753 4296 ed.
770 4242 877 4312 Bipont.
896 4242 996 4296 confert
1014 4241 1086 4294 Plut.
1106 4240 1179 4295 1087.

319 4335 339 4406 ἱ’γ
358 4336 447 4388 Herm.
467 4333 631 4390 Fritzschius
649 4335 697 4388 hos
715 4334 787 4389 locos
806 4334 895 4390 adnot.
915 4350 938 4388 a.
957 4334 982 4391 h.
999 4333 1018 4386 l.
1037 4332 1158 4387 collocat.
