3120 4838
633 309 637 314 .
668 309 672 313 .
702 228 831 314 ta...-

72 458 119 501 ex
149 431 271 503 doctis
287 432 564 511 commentariis,
595 433 725 527 quibus
747 430 922 526 proximis
939 446 1025 523 post
1052 447 1192 525 poetae
1209 447 1371 504 aetatem

70 560 306 654 temporibus
335 558 444 653 lulius
486 559 645 630 sortasse
684 559 882 629 Modestus
924 574 1141 649 argumenta
1175 560 1372 631 carminum

70 690 276 782 explanare
305 688 490 760 instituit«
550 686 658 779 Quae.
688 712 770 758 cum
808 688 857 756 ita
894 686 963 757 sint
999 686 1223 757 scholiorum
1255 687 1372 759 metri-

71 841 211 901 corum,
241 841 337 911 quae
365 816 399 887 in
427 816 620 887 carminum
648 814 1004 910 praescriptionibus
1034 812 1215 910 leguntur,
1247 831 1372 887 aucto·

72 944 161 1015 ritas
190 944 307 1038 prima
323 943 466 1015 exsistit
481 968 606 1023 causa,
635 970 697 1015 cur
714 943 901 1013 uleinekio
931 958 969 1012 et
984 942 1222 1013 Lachmanno
1247 968 1373 1015 assen-

72 1072 128 1143 tiri
155 1097 352 1166 nequeam.

181 1227 356 1299 Ceterum
383 1228 452 1298 hac
480 1228 682 1299 occasione
712 1227 811 1309 data,
842 1228 1033 1322 quomodo
1059 1227 1149 1298 mira
1176 1223 1236 1297 illa
1264 1250 1370 1320 prae-

71 1356 309 1449 scriptionum
336 1370 375 1426 et
401 1356 575 1451 imprimis
604 1354 824 1427 scholiorum
853 1356 1085 1427 metricorum
1116 1351 1371 1439 inconstantia,

71 1501 113 1555 ut
139 1484 256 1554 modo
284 1483 490 1580 quindecim
519 1484 734 1556 carminibus
753 1484 930 1554 continuis
951 1482 1146 1567 addantur,
1168 1479 1280 1551 modo
1300 1503 1368 1573 per

73 1629 191 1683 totum
220 1612 300 1681 sere
327 1609 454 1683 librum
483 1612 701 1691 omittantur,
729 1627 843 1706 utque
873 1612 983 1683 modo
1011 1612 1044 1681 in
1073 1610 1129 1680 his
1158 1606 1273 1679 modo
1303 1604 1371 1677 illis

74 1739 265 1811 codicibus
293 1739 534 1833 reperiantur,
565 1756 651 1835 apte
681 1739 853 1835 explicari
873 1764 985 1835 posse
1012 1738 1094 1809 mihi
1119 1737 1197 1807 visa
1217 1734 1271 1813 sit.
1301 1759 1372 1806 non
1432 1778 1436 1785 ·

73 1868 250 1939 reticebo.
306 1868 485 1938 Fortasse
524 1870 620 1939 enim
658 1870 752 1940 tales
789 1883 900 1938 notae
942 1867 978 1937 in
1011 1865 1208 1937 carminum
1250 1862 1371 1934 indice

72 1996 238 2091 quodam
267 1995 386 2066 codici
412 1999 616 2091 archetypo
645 1996 754 2068 affixo
791 1994 940 2088 singulis
978 1994 1112 2066 odariis
1148 1990 1371 2063 enumeratis

72 2122 227 2193 additae
255 2139 369 2201 eraut.
398 2124 483 2195 inde
521 2126 620 2196 varie
657 2125 870 2220 passimque
908 2139 947 2195 et
986 2123 1064 2193 sine
1103 2136 1208 2191 certo
1244 2119 1373 2190 ordine

72 2252 110 2323 in
138 2250 302 2345 reliquos
331 2252 381 2323 ita
409 2253 596 2332 fluxerunt,
630 2270 669 2324 ut
695 2253 764 2347 ipsi
801 2252 997 2323 carminum
1027 2248 1214 2320 contextui
1240 2246 1370 2317 immis-

72 2393 256 2452 cerentur.
313 2379 408 2451 Nam
437 2381 467 2451 si
495 2381 529 2452 in
557 2381 686 2452 codice
717 2380 935 2474 archetypo.
956 2403 1063 2473 quem
1083 2401 1163 2448 cum
1183 2371 1369 2475 Kellero¹)

72 2506 213 2578 rectius
229 2508 356 2602 primo,
372 2533 480 2603 quam
496 2534 577 2580 cum
597 2504 793 2610 Linlcer02)
814 2524 921 2579 sexto
942 2521 1031 2601 post
1049 2505 1135 2576 Chr.
1155 2529 1188 2575 n.
1217 2501 1371 2575 saeculo

73 2635 312 2706 tribuendum
341 2661 427 2708 esse
457 2662 608 2717 censeo,
637 2654 700 2709 aut
727 2637 875 2708 omnino
903 2660 974 2706 non
1003 2632 1239 2712 exstitissent,
1278 2655 1372 2725 quo-

73 2762 195 2835 modo
224 2761 358 2834 lactum
386 2764 442 2845 sit,
483 2780 523 2835 ut
560 2766 594 2836 in
637 2767 805 2837 omnibus
832 2765 911 2835 fere
952 2761 1141 2833 codicibus
1170 2771 1372 2839 exstarent,

75 2908 141 2963 aut
170 2890 363 2964 carminum
394 2893 511 2964 ordini
536 2893 675 2966 intexta
702 2894 867 2971 fuissent,
899 2889 1089 2986 quomodo
1117 2901 1220 2959 tanta
1248 2909 1374 2956 eorum

72 3018 236 3089 varietas
264 3034 346 3090 orta
374 3020 430 3101 sit,
462 3021 635 3117 equidem
664 3046 739 3093 non
767 3018 955 3113 intellego
1011 3017 1092 3090 Sed
1127 3017 1221 3087 haec
1255 3011 1375 3083 obiter

73 3146 339 3242 perstrinxisse
368 3148 458 3220 satis
486 3147 619 3220 habeo.

184 3301 237 3374 Ut
264 3303 313 3375 ad
341 3303 567 3398 propositum
596 3303 758 3388 redeam,
787 3299 1009 3374 scholiorum
1029 3299 1260 3372 metricorum
1288 3321 1373 3369 auc·

72 3430 267 3503 toritatem
300 3432 386 3502 artis
419 3430 594 3503 metricae
626 3430 827 3526 scriptores
863 3445 1012 3502 veteres
1050 3427 1275 3505 confirmant,
1313 3425 1377 3521 qui

72 3558 223 3653 Horatii
257 3559 418 3631 carmina
460 3559 595 3631 eodem
637 3576 753 3632 metro
800 3559 1014 3632 continuata
1049 3582 1117 3652 pro
1159 3554 1376 3637 monocolis,

72 3686 223 3758 duobus
264 3686 433 3758 versibus
476 3685 625 3759 alternis
666 3689 872 3785 composita
911 3712 980 3783 pro
1025 3682 1170 3765 dieolis,
1212 3681 1376 3778 denique

71 3814 224 3886 duobus
251 3816 309 3887 vel
344 3815 459 3887 tribus
491 3814 656 3887 versibus
696 3817 836 3888 variata
869 3838 937 3911 pro
976 3810 1163 3887 tetracolis
1200 3809 1376 3883 habenda

72 3968 163 4015 esse
193 3958 232 4015 et
257 3942 326 4038 ipsi
355 3958 547 4025 testantur,
604 3943 732 4039 Atque
760 3944 884 4017 Caesii
912 3942 1018 4014 Bassi
1037 3966 1111 4013 non
1131 3937 1235 4010 nisie
1264 3935 1371 4012 silen-

71 4071 126 4143 tio
157 4094 252 4141 nunc
284 4070 449 4143 concludi
476 4087 620 4167 potest;
649 4096 732 4143 nam
761 4098 841 4145 cum
869 4072 917 4142 de
948 4068 1090 4141 Horatii
1119 4091 1149 4141 c.
1180 4066 1194 4137 Ι
1224 4070 1245 4138 8
1275 4066 1374 4140 1118

72 4257 181 4265 ---
201 4257 234 4263 -.-
244 4257 282 4263 .-.-
295 4258 345 4263 ...-

190 4348 207 4415 ¹)
227 4350 285 4399 edit.
305 4351 365 4399 mai.
384 4351 468 4416 praef.
487 4368 512 4415 p.
532 4351 627 4401 Xl'lll.

185 4439 205 4511 ²)
233 4442 448 4506 Verbandlungeu
480 4443 524 4493 ‹ler
557 4456 602 4505 29.
633 4442 923 4509 Philologeuversamml.
954 4442 978 4489 iu
996 4441 1137 4494 Iunslmtck
1168 4436 1245 4501 1874.
1286 4440 1373 4504 Leipz.

111 4538 146 4599 75
167 4552 192 4599 p.
214 4533 256 4593 84.
