3120 4838
712 293 922 355 ..23-

348 458 464 524 Horat.
485 460 504 525 Ι
525 466 553 540 8,
585 466 634 539 34,
663 466 720 527 35:
758 468 930 545 ,serpentes
962 467 1059 544 atque
1091 460 1213 524 videres
1246 457 1397 553 infernas

248 583 355 630 errare
384 575 486 632 canes‘
513 574 544 633 et
569 570 648 637 Luc.
670 570 808 654 Menipp.
833 575 872 635 10
905 564 1015 649 ,state
1044 555 1104 632 oin>
1131 560 1263 632 ἅπαντα
1290 563 1398 631 ἐκεῖνα

247 665 414 738 ἐσαλεύετο
444 678 496 740 καὶ
526 673 588 741 ὑπὸ
616 680 671 761 τῆς
697 676 826 763 ἐπῳδῆς
858 672 1024 759 τοῦδαφος
1048 668 1265 761 α’νεῤῥὶῃνντο
1297 675 1349 738 καὶ
1376 668 1396 757 ἡ

249 769 353 865 ὑλακὴ
384 784 443 847 τοῦ
472 785 629 869 κερβέρον
651 778 830 870 adaperta
851 778 989 872 ἠκούετο
1012 785 1063 848 καὶ
1086 779 1124 847 τὸ
1145 784 1277 866 πρᾶγμα
1299 775 1398 864 daeo·

247 890 388 973 κατηφὲς
408 879 446 977 ip·
468 895 518 957 καὶ
543 888 755 978 σκυθρωπόν
762 921 769 970 ;

348 1020 467 1088 Horat.
488 1031 546 1091 sat.
570 1025 585 1087 Ι
608 1030 637 1104 6,
655 1029 705 1103 35,
728 1030 787 1088 36;
824 1024 1023 1105 ,Lunamque
1045 1021 1212 1085 rubentem
1234 1019 1284 1084 Ne
1313 1017 1399 1083 foret

247 1127 296 1191 his
318 1131 415 1208 testis,
439 1140 512 1216 post
538 1155 656 1217 magna
682 1134 783 1198 latere
803 1132 980 1216 sepulohra‘
1006 1136 1038 1195 et
1060 1128 1397 1210 Luo.Ica1·omenipp.

248 1242 297 1315 21,
319 1236 457 1325 Σελήνη·
490 1237 561 1321 ,κᾶν
583 1267 657 1307 τινα
679 1241 740 1306 ἴδω
761 1237 874 1305 cettan
889 1235 1082 1325 μοιχεύοντα
1104 1233 1124 1322 i)
1144 1239 1329 1302 κλέπτοντα
1349 1273 1398 1314 -,

247 1340 349 1423 εὐθὺς
369 1345 610 1436 ἐπισπασαμένη
629 1346 667 1415 τὸ
689 1350 790 1432 νὲᾳος
805 1343 1062 1432 ἐνεκαλυψάμην,
1084 1343 1138 1411 ἵνα
1159 1342 1201 1432 μὴ
1217 1346 1312 1424 δείξω
1330 1355 1400 1421 τοῖς

246 1457 380 1531 πολλοῖς
399 1457 555 1540 γέροντας
581 1453 703 1542 ἄνδρας
728 1460 826 1536 βαθεῖ
850 1449 988 1541 πώγωνι
1017 1456 1069 1520 καὶ
1100 1449 1197 1538 ἀρετῇ
1226 1452 1399 1537 ἐνασχημο-

248 1564 415 1645 »comaga
439 1589 521 1648 quac
544 1567 762 1632 similitudines
783 1588 855 1630 cum
877 1567 909 1629 in
932 1565 1050 1629 eisdem
1071 1564 1190 1628 Horati
1212 1568 1243 1627 et
1263 1561 1400 1627 Luciani

248 1672 373 1755 scriptis
394 1675 602 1754 inveniantur,
625 1697 773 1759 magnam
797 1676 860 1738 vim
879 1676 917 1737 iis
940 1673 1050 1738 tribuit
1072 1672 1278 1737 Fritzschius

351 1803 461 1885 Atque
488 1805 532 1868 illi
558 1806 619 1869 loci
643 1807 745 1888 primo
770 1805 840 1868 loco
866 1805 949 1867 inter
976 1825 1009 1867 se
1036 1802 1212 1885 comparati
1241 1799 1318 1863 nihil
1347 1796 1400 1860 de·

249 1916 435 1990 arnust-rant,
463 1935 534 1977 cum
557 1913 733 1992 exhibeant,
757 1934 839 1996 quae
860 1913 943 1975 inter
963 1912 1097 1975 usitatas
1108 1912 1130 1997 ¹)
1152 1909 1277 1992 magiae
1300 1906 1400 1971 caeri-

249 2019 371 2082 monias
392 2020 463 2098 sint,
487 2020 582 2103 idque
600 2043 636 2085 eo
659 2023 769 2105 magis,
796 2020 871 2103 quia
894 2020 1016 2083 diverso
1034 2019 1129 2082 modo
1149 2022 1222 2082 sunt
1237 2013 1399 2079 exornati:

248 2123 404 2191 Horatius
432 2127 534 2192 verbis
562 2129 711 2193 horridae
735 2129 874 2193 notionis
901 2127 1008 2191 electis
1033 2126 1136 2190 diram
1159 2123 1306 2206 imaginis
1332 2120 1397 2184 lor·

249 2254 333 2298 mam
351 2242 455 2319 auget,
476 2235 646 2316 Lucianus,
667 2260 749 2321 quae
772 2238 834 2301 sint
855 2241 980 2319 parata,
1003 2235 1184 2317 simpliciter
1202 2231 1311 2296 refert.

350 2364 413 2448 Qui
443 2373 617 2448 sequuntur
638 2369 698 2434 loci
721 2369 803 2432 hanc
825 2365 1029 2430 offensionem
1050 2362 1221 2447 praebent,
1255 2359 1341 2444 quod
1363 2364 1401 2423 ut

248 2468 410 2537 Lucienus
445 2474 589 2540 Hecaten
616 2482 648 2540 et
675 2477 801 2556 Furias,
834 2476 880 2539 ita
907 2475 1065 2539 Horatius
1091 2471 1238 2535 Hecaten
1267 2474 1299 2533 et
1319 2467 1400 2532 Tisi-

248 2579 384 2664 phonen,
407 2605 503 2647 unam
525 2584 672 2663 el'uriiS,
695 2585 835 2649 invocari
856 2583 955 2666 tingit,
978 2603 1048 2645 cum
1071 2581 1104 2644 in
1125 2578 1264 2662 ceteris-²)
1287 2577 1399 2640 carmi·

245 2687 337 2752 nibus
359 2692 500 2773 magicis
525 2694 666 2774 quamvis
686 2693 814 2757 Hecate
836 2690 1031 2773 imploretur,
1054 2708 1117 2751 non
1132 2685 1270 2750 addatur
1285 2683 1400 2746 Furia·

248 2817 319 2859 rum
333 2798 502 2867 invocatio,
547 2798 612 2863 Sed
636 2822 676 2863 ne
699 2800 759 2863 hoc
774 2799 902 2883 quidem
918 2796 1072 2881 gravioris
1087 2793 1239 2859 momenti
1253 2796 1310 2871 est,
1326 2811 1401 2855 cum

245 2902 406 2968 Lucianus
424 2904 589 2988 ,δαίμονας
604 2904 686 2988 ὁμοῦ
702 2899 848 2982 πάντος’,
872 2906 973 2988 quiin
991 2904 1108 2968 talibus
1131 2899 1291 2964 sacrificiis
1312 2899 1400 2962 invo-

246 3013 312 3074 cari
333 3018 490 3094 poterant,
515 3014 575 3091 ,καὶ
597 3009 721 3090 Ποινὰς
743 3015 796 3077 καὶ
819 3008 964 3096 Ἐρίνυας
986 3005 1188 3093 καὶἜκάτ-ην
1210 3008 1262 3071 καὶ
1281 3009 1399 3088 Περσε-

246 3111 392 3200 φόνειαν(
422 3122 479 3185 hic.
508 3123 749 3187 enumeraverit.
804 3121 921 3203 Itaque
959 3121 986 3184 si
1017 3119 1184 3195 Horatius,
1218 3114 1303 3199 quod
1333 3135 1399 3177 non

247 3226 361 3290 mirum
383 3233 443 3308 est,
478 3235 605 3311 praeter
626 3229 774 3294 Hecaten
797 3229 932 3292 alteram
961 3226 1053 3291 deam
1087 3226 1250 3289 nominare
1283 3223 1399 3287 consti-

246 3340 362 3416 tuerat,
386 3337 527 3415 eandem,
561 3358 659 3418 quam
685 3337 848 3401 Lucianus
878 3336 1104 3411 nominaverat,
1136 3334 1240 3416 ipsum
1271 3351 1399 3414 quoque

246 3444 409 3508 nominare
431 3465 559 3509 necesse
582 3452 660 3512 erat.

348 3550 457 3616 Etiam
469 3574 548 3634 quos
560 3553 673 3617 deinde
684 3553 845 3634 componit
856 3552 952 3632 locos,
964 3543 1399 3614 iniu1·iaHerm.Fritzschius

246 3661 279 3723 iu
301 3680 393 3723 suum
424 3681 516 3724 usum
545 3661 706 3726 convertit.
751 3658 941 3741 Ubicunque
953 3662 977 3738 ³)
1000 3656 1083 3721 enim
1114 3659 1228 3737 poetae
1250 3649 1400 3716 effectum

247 3769 395 3832 carminis
408 3770 524 3851 magici
539 3775 571 3833 et
586 3769 664 3832 deae
676 3767 865 3851 imploratae
877 3766 1047 3830 adventum
1060 3760 1251 3839 describunt,
1268 3756 1400 3822 easdem

249 3877 390 3940 rationes
413 3876 587 3959 eademque
601 3875 708 3958 verba,
732 3876 846 3958 quibus
860 3875 1017 3940 Horatius
1033 3878 1064 3937 et
1077 3870 1240 3934 Lucianus
1254 3867 1304 3931 usi
1314 3871 1399 3948 sunt,

248 3983 410 4047 adhibent.
433 3984 548 4067 Itaque
569 3990 689 4048 certam
712 3983 873 4067 quandam
889 4004 1034 4048 normam
1048 3981 1130 4044 illius
1145 3978 1291 4061 imaginis
1309 3997 1400 4041 exor-

351 4193 423 4261 ¹ch
442 4192 519 4248 Hom
537 4192 639 4248 0d.xl
658 4194 699 4257 35,
718 4192 759 4257 36,
779 4192 810 4246 de
830 4192 957 4247 laCerda
975 4191 1008 4245 ad
1027 4192 1103 4258 Verg.
1121 4189 1185 4242 Aen.
1203 4186 1315 4239 11243.

349 4281 541 4351 ².I)Tneoorl
561 4277 1354 4352 121163.Αοη.111511112460611661111194.

349 4370 1063 4445 3)Τ66661.ΙΙ.35,11663.466.1125606166.
1083 4369 1223 4425 xlvdie.
