3120 4838
224 430 431 503 Proximum
460 448 528 519 est,
558 448 596 503 ut

420 625 445 719 ξ
473 620 511 695 7.
565 625 615 695 de
642 626 882 697 carminibus
909 626 1108 699 tetracolis

110 770 236 840 agam.
294 746 419 842 Atque
447 746 623 819 Horatius
660 763 831 843 quattuor
866 749 1027 845 strophis
1063 750 1285 823 tetrastichis
1322 774 1409 822 usus

111 891 183 963 est,
214 874 414 970 Sapphica,
444 875 611 963 Alcaica,
642 875 784 948 duabus
813 876 1081 973 Asclepiadeis.

219 1001 382 1097 Stropha
401 1002 587 1099 Sapphica
616 1029 637 1075 e
664 1029 772 1076 versu
792 1004 982 1101 Sapphico
1008 1003 1325 1100 hendecasyllabo
1353 1020 1411 1077 ter

113 1129 277 1225 repetito
308 1146 346 1201 et
371 1156 481 1203 versu
519 1130 655 1202 adonio
685 1148 849 1216 constat,
885 1133 940 1205 cui
968 1159 1101 1206 nomen
1130 1134 1280 1206 inditum
1309 1158 1408 1221 esse,

114 1256 199 1353 quia
237 1257 455 1352 saepissime
490 1284 512 1330 a
545 1258 700 1354 Sappho
737 1259 772 1331 in
813 1285 914 1332 usum
946 1276 1096 1349 vocata,
1133 1285 1207 1332 non
1242 1246 1329 1356 quia
1362 1260 1409 1331 ab

113 1382 173 1457 illa
200 1384 351 1458 inventa
378 1402 494 1475 esset,
525 1412 636 1482 supra
664 1387 795 1460 monui.
852 1387 949 1459 Nam
976 1385 1139 1462 Alcaeus
1174 1412 1326 1483 quoque
1363 1412 1410 1460 ea

115 1538 202 1584 usus
240 1528 297 1585 est
332 1538 488 1609 eamque
524 1514 655 1586 iisdem
694 1539 736 1587 ac
765 1515 918 1611 Sappho
955 1513 1099 1612 legibus
1137 1514 1322 1605 formavit,
1358 1531 1409 1605 ut,

116 1664 194 1712 cum
223 1656 262 1713 et
291 1641 390 1734 apud
419 1638 599 1714 Catullum
628 1658 667 1715 et
694 1643 794 1738 apud
821 1642 1016 1716 Horatium
1043 1642 1262 1732 inveniatur,
1298 1641 1410 1715 utrius

117 1764 325 1863 exemplum
357 1767 395 1839 hi
432 1770 550 1841 secuti
588 1770 674 1856 sint,
715 1772 794 1842 sola
829 1771 971 1843 ratione
1014 1771 1169 1844 metrica
1211 1769 1303 1843 ellici
1337 1795 1411 1843 non

112 1894 241 1991 possit.
300 1893 436 1968 Verum
475 1912 514 1969 et
549 1894 628 1971 aliis
664 1899 712 1969 de
752 1898 873 1971 causis
902 1899 1095 1972 Horatium
1124 1900 1171 1971 ab
1200 1898 1345 1970 Alcaeo
1374 1896 1412 1970 id

113 2037 269 2094 metrum
298 2023 473 2118 petivisse
501 2022 692 2097 verisimile
727 2040 786 2097 est
812 2043 851 2098 et
888 2052 1037 2121 prorsus
1065 2026 1301 2099 confirmatur
1329 2050 1410 2098 auc-

113 2149 263 2224 toritate
299 2150 422 2224 Caesii
454 2153 559 2225 Bassi
596 2158 703 2238 266,2
711 2175 745 2245 5.
809 2153 951 2226 Contra
986 2151 1166 2228 Catullum
1202 2179 1224 2225 a
1256 2152 1411 2248 Sappho

112 2279 283 2375 pendere
326 2280 410 2352 inde
453 2278 744 2354 concludendum
775 2298 851 2371 est,
895 2282 995 2378 quod
1031 2282 1066 2354 in
1099 2278 1218 2354 altero
1256 2279 1411 2353 duorum

113 2407 337 2495 carminum,
367 2435 464 2504 quae
499 2409 567 2481 hoc
595 2426 714 2482 metro
745 2410 976 2506 conscripsit,
1005 2434 1077 2482 non
1104 2408 1257 2481 sormam
1284 2407 1410 2497 modu,

111 2537 184 2609 sed
214 2536 328 2608 etiam
356 2561 416 2610 res
443 2553 482 2610 et
509 2538 623 2610 verba
650 2562 698 2609 ex
723 2533 782 2609 illa
810 2537 1009 2610 imitatione
1028 2536 1212 2632 expressit
1240 2534 1290 2630 (in
1309 2562 1340 2610 c.
1362 2558 1406 2629 51

115 2661 200 2738 coll.
232 2663 377 2759 Sapph.
408 2665 449 2739 sr.
484 2668 531 2760 2).

224 2789 336 2883 Quae
365 2815 447 2866 cum
478 2795 527 2867 ita
562 2794 635 2867 sint
670 2817 751 2865 cum
779 2794 987 2866 universum
1020 2808 1174 2866 metrum
1206 2818 1228 2864 a
1257 2791 1414 2866 Graecis

115 2935 154 2992 et
179 2917 350 2993 Catullus
379 2936 417 2994 et
444 2921 617 2995 Horatius
645 2921 856 3017 petiverint,
891 2922 926 2993 in
960 2919 1111 3015 singulis
1140 2920 1414 3017 compositionis

116 3048 255 3120 normis
284 3048 331 3120 ab
359 3045 425 3122 illis
455 3049 640 3145 aliquanto
669 3049 838 3122 differunt
856 3074 976 3144 neque
996 3049 1091 3121 inter
1110 3074 1152 3122 se
1174 3048 1413 3122 consentiunt.

116 3174 214 3247 Nam
250 3175 281 3247 si
317 3176 465 3271 quidem
502 3204 523 3249 e
560 3177 776 3272 fragmentis
813 3177 994 3265 servatis,
1024 3202 1136 3272 quam
1171 3176 1350 3250 rationem
1379 3176 1415 3249 in

119 3302 311 3399 Sapphica
346 3304 499 3399 stropha
542 3305 804 3400 componenda
839 3319 980 3400 poetae
1012 3302 1139 3378 Lesbii
1172 3302 1412 3391 adhibuerint,

122 3428 284 3502 iudicare
319 3430 424 3521 licet,
467 3429 531 3522 illi,
572 3433 674 3528 quod
706 3433 805 3504 viros
841 3433 974 3505 doctos
1012 3431 1134 3506 adhuc
1172 3433 1280 3531 fugit,
1322 3412 1413 3504 inter

127 3557 274 3650 primurn
307 3574 346 3630 et
383 3561 583 3633 secuudum
615 3578 655 3633 et
692 3561 836 3632 tertium
870 3586 1015 3634 versum
1040 3559 1194 3651 hiatum,
1228 3584 1412 3654 nunquam

135 3685 357 3781 synaphiam3
393 3688 485 3761 inter
518 3689 663 3762 tertium
699 3702 738 3760 et
772 3704 938 3783 quartum
970 3713 1156 3784 quemque
1183 3712 1326 3761 versum
1354 3713 1413 3782 sy-

142 3813 306 3907 uaphiam,
335 3841 516 3911 nunquam
542 3816 678 3889 hiatum
705 3814 899 3889 admisisse
927 3816 1105 3905 videntur,

235 3943 277 4016 cl.
307 3943 444 4039 Sapph.
480 3968 556 4033 1,21
593 3970 676 4039 sqq.
705 3948 762 4014 καὶ
790 3943 857 4039 γὰρ
886 3947 921 4015 αἱ
949 3941 1091 4035 φεύγει,
1120 3945 1254 4035 ταχέως
1281 3940 1413 4031 διώξει,

284 4075 319 4141 ul
346 4075 384 4145 δὲ
413 4075 511 4166 ‹luipu
537 4072 586 4166 μὴ
616 4067 733 4154 δέκετ’,
762 4068 852 4142 ἀλλὰ
880 4072 997 4149 δώσει,

286 4203 320 4269 αι’
347 4203 385 4271 ‹lt
412 4201 461 4293 μὴ
489 4208 595 4292 φίλει,
625 4201 760 4291 ταχέως
786 4199 928 4291 φιλήσει

286 4324 372 4400 κούκ
400 4332 571 4401 ἐθέλοισα.

246 4473 316 4535 1,11
347 4483 402 4556 sq.
430 4457 554 4529 πύκνα
580 4459 762 4540 ὁινεύντες
788 4452 888 4550 ursp’
914 4451 972 4527 ἀπ’
1000 4450 1135 4551 ώράνω
1162 4455 1260 4527 ulule-

427 4611 490 4683 ρος
515 4583 574 4662 διὰ
596 4586 723 4683 μέσσω
750 4585 921 4687 saepius,
