3120 4838
678 246 829 336 ,29-

110 450 225 522 stium
256 451 481 545 (Verskunst
509 454 576 526 des
605 454 729 554 Horaz
762 459 918 550 14-31)
951 455 999 527 de
1025 455 1095 528 hac
1121 482 1161 527 re
1197 455 1417 529 disseruisse

111 596 216 675 puto,
246 581 348 675 quod
368 582 558 653 Horatium
587 582 698 654 certis
726 583 957 654 metricorum
976 584 1207 679 quorundam
1237 588 1414 677 θεωρίαις,

113 708 143 779 si
172 708 247 778 hoc
273 709 391 779 verbo
425 710 474 780 uti
506 707 600 793 licet,
636 710 733 781 initio
776 727 996 782 commotum
1033 737 1119 783 esse
1153 713 1337 808 opinatur,
1380 729 1419 784 ut

112 860 292 907 caesuras
320 835 496 921 efficeret,
525 839 657 911 deinde
686 836 959 933 pulchritudinis
987 840 1125 934 specie,
1169 866 1264 935 quae
1301 840 1414 935 ipsius

113 963 148 1034 in
182 980 307 1036 mente
343 964 544 1049 insidebat,
583 983 621 1036 ut
657 967 854 1039 omitteret.
909 966 1022 1037 Immo
1065 991 1154 1039 vero
1196 992 1414 1062 persuasum

113 1091 291 1186 equidem
320 1093 458 1175 habe0.
497 1094 585 1165 artis
615 1096 787 1168 metricae
824 1094 1024 1189 scriptores
1056 1094 1178 1190 potius
1212 1094 1415 1168 divisiones

112 1245 201 1291 suas
240 1237 279 1291 et
313 1222 578 1316 explicationes
632 1238 832 1294 metrorum
866 1249 887 1295 e
919 1239 1111 1319 poetarum
1157 1248 1224 1294 nec
1268 1223 1416 1295 minime

112 1346 259 1419 Horatii
289 1349 557 1421 consuetudine
585 1351 793 1443 posteriore
822 1367 990 1446 tempore
1020 1352 1186 1423 hausisse
1216 1348 1279 1449 (cf.
1307 1353 1329 1445 ξ
1360 1349 1411 1451 2),

114 1500 226 1570 quam
262 1494 301 1546 ut
326 1477 362 1547 hi
397 1477 479 1548 illos
517 1497 768 1573 sequerentur.
828 1480 961 1550 Verum
997 1480 1090 1551 haec
1127 1479 1298 1574 quaestio
1331 1503 1413 1550 cum

112 1601 195 1676 talis
222 1605 279 1689 sit,
308 1622 347 1676 ut
375 1606 483 1676 certis
510 1605 695 1702 firmisque
730 1609 954 1703 argumentis
987 1608 1103 1679 omnis
1139 1607 1318 1679 dubitatio
1352 1607 1415 1679 vix

111 1732 188 1804 tolli
215 1733 349 1827 possit,
378 1734 597 1805 sententiam
626 1759 744 1806 meam
772 1733 885 1807 semel
914 1735 1140 1831 significasse
1170 1735 1260 1806 satis
1286 1734 1412 1807 habeo

110 1884 232 1954 neque
254 1861 288 1931 in
308 1859 455 1956 reliquis
474 1862 611 1949 metris
633 1862 771 1958 quippe
790 1863 849 1933 ubi
871 1888 931 1934 res
952 1862 1082 1934 eadem
1102 1863 1158 1950 sit,
1179 1862 1246 1933 huc
1266 1861 1409 1935 redibo,

217 1986 408 2084 Deinceps
436 1990 466 2060 si
496 1991 699 2084 quaeritur,
728 2008 842 2062 utrum
867 1991 950 2086 jure
978 2016 1024 2063 an
1054 1990 1181 2086 injuria
1208 1989 1302 2062 haec
1331 1989 1412 2061 Ho-

110 2115 222 2187 ratius
249 2117 450 2205 novaverit,
481 2117 530 2189 de
549 2143 702 2190 caesura
730 2119 878 2213 quidem
898 2119 1048 2190 inducta
1075 2143 1156 2189 cum
1177 2116 1410 2212 Westphalio

108 2243 137 2314 ll
168 2266 256 2336 759,
284 2246 346 2340 qui
371 2248 503 2317 nullum
532 2270 771 2340 progressum
801 2272 848 2317 ea
875 2247 909 2318 in
937 2271 976 2317 re
1003 2245 1167 2340 spectari
1195 2245 1407 2328 contendat,

109 2370 237 2442 facere
266 2395 338 2444 non
366 2374 503 2457 dubit0,
534 2374 619 2468 quia
647 2374 716 2447 hac
745 2374 948 2446 mutatione
975 2372 1079 2444 metri
1106 2373 1233 2467 orig0,
1271 2372 1410 2468 quippe

108 2500 209 2593 quod
237 2525 258 2571 e
280 2501 421 2573 duabus
441 2501 623 2596 partibus:
650 2546 701 2554 —
720 2529 739 2571 r·
753 2546 802 2555 -
818 2504 838 2581 ᾗ
862 2518 900 2574 et
918 2546 967 2554 --
984 2528 1030 2571 cn
1045 2543 1096 2553 -
1112 2526 1196 2589 3u—
1211 2500 1238 2576 ὖ
1257 2522 1409 2583 concre-

107 2626 208 2699 visse
237 2629 453 2700 necessario
481 2631 717 2702 statuendum
746 2631 804 2715 sit,
834 2630 979 2702 omnino
1001 2630 1231 2713 obscuratur,
1260 2641 1300 2698 et
1324 2627 1406 2723 ipse

39 2800 43 2807 ·
107 2770 221 2849 poeta
250 2782 293 2828 se
323 2758 503 2830 erravisse
524 2758 804 2852 quodammodo
837 2756 1029 2830 consessus
1058 2770 1128 2845 est,
1155 2782 1236 2827 cum
1263 2755 1296 2827 in
1316 2753 1408 2828 libro

108 2901 240 2978 quarto
283 2886 389 2958 aliam
430 2885 611 2958 rationem
651 2885 920 2979 ingrederetur.
985 2883 1123 2956 Verum
1166 2885 1213 2957 de
1254 2880 1406 2978 syllabis

107 3008 232 3109 longis
268 3038 336 3108 pro
374 3013 588 3108 ancipitibus
621 3013 803 3108 receptiS,
841 3013 971 3085 merito
1000 3012 1041 3083 L.
1078 3013 1275 3085 Muellerus
1303 3011 1338 3083 d.
1376 3038 1405 3086 r.

108 3168 156 3216 m.
188 3167 237 3232 92
267 3141 411 3214 videtur
438 3142 638 3229 monuisse,
667 3141 852 3235 propriam
881 3142 1131 3211 Romanorum
1165 3139 1299 3234 ingenii
1331 3164 1407 3211 ser-

106 3271 305 3365 monisque
346 3268 504 3342 indolem
540 3295 562 3341 a
597 3285 713 3365 poeta
754 3270 987 3340 observatam
1024 3268 1198 3363 lyricique
1240 3266 1408 3340 carminis

107 3398 288 3470 decorem
315 3397 488 3471 intentum
518 3422 615 3472 esse.

213 3526 302 3597 Duo
330 3541 471 3598 restant
498 3524 676 3621 simplicia
702 3542 821 3598 metra
839 3524 1069 3621 logaoedica,
1098 3549 1195 3617 quae
1223 3538 1262 3595 ut
1288 3520 1407 3596 Hora·

104 3653 175 3725 tius
203 3654 240 3725 in
269 3677 300 3725 c.
326 3655 342 3725 l
370 3656 390 3724 8
421 3652 635 3749 complexus
664 3669 734 3742 est,
762 3654 814 3727 ita
839 3653 947 3724 nobis
984 3674 1137 3746 quoque
1173 3649 1401 3746 conjungere

104 3778 226 3855 liceat.
283 3782 416 3852 Eorum
444 3782 636 3854 schemata
662 3781 781 3853 habes
807 3779 920 3852 haec:
947 3823 996 3834 -
1014 3803 1161 3848 uu--o
1176 3822 1227 3831 —
1243 3778 1269 3855 {i
1298 3792 1336 3861 et

372 3905 1134 3983 ——o———-·vu—---·uu-o--ti.

211 4034 429 4108 Difficillima
456 4037 508 4109 rei
534 4036 709 4109 metricae
739 4035 981 4130 scriptoribus
1008 4031 1164 4127 antiquis
1193 4032 1275 4105 visa
1302 4049 1403 4107 sunt:

103 4164 214 4238 Caes.
245 4163 350 4237 Bass
385 4186 493 4257 270‚3
523 4190 604 4260 sqq.
633 4163 717 4236 Atil.
744 4166 891 4247 Fortun,
923 4184 1064 4254 3oo‚19
1093 4185 1178 4256 sqq.
1207 4162 1298 4233 Mar.
1322 4161 1404 4232 Vic-

101 4309 173 4367 tor.
196 4296 312 4386 87‚12
344 4317 426 4387 sqq.
461 4298 594 4385 165‚25
626 4318 722 4388 sqq,
749 4314 954 4384 omnesque
983 4288 1018 4361 in
1046 4287 1207 4362 eundem
1235 4312 1402 4361 errorem

100 4420 319 4493 inciderunt.
366 4418 672 4493 Proficiscendum
692 4420 799 4492 nobis
819 4418 866 4491 ab
894 4441 942 4488 eo
962 4422 1171 4514 fragmento
1200 4431 1269 4506 est,
1299 4415 1401 4511 quod

100 4548 297 4643 ingeniose
323 4572 428 4635 nune,
461 4566 500 4620 ut
526 4574 640 4645 supra
668 4549 759 4643 dixi,
785 4544 930 4623 Keilius
966 4546 1112 4622 Caesio
1134 4548 1267 4621 basso
1289 4542 1442 4619 trinum,
