3120 4838
647 179 871 244 „55-

707 354 727 442 a
752 361 802 422 17.

260 482 378 549 Restat
401 491 438 551 ut
462 483 597 549 afferam
620 504 659 548 ea
686 481 799 561 verba,
836 502 974 563 quorum
1009 481 1081 564 ipsa
1115 479 1278 562 simplicia
1310 478 1343 543 vi

170 573 345 637 transitiva
367 573 521 657 praedita
544 577 633 654 sunt,
659 570 715 636 sed
739 591 824 653 quae
846 571 924 653 quia
947 591 1020 634 cum
1043 567 1341 651 praepositionibus

171 668 421 745 componuntur,
450 664 483 726 vi
506 661 683 746 principali
707 665 834 725 retenta
856 658 991 724 alteram
1015 658 1181 741 accipiunt
1204 656 1342 740 ideoque

172 749 333 834 duplicem
356 752 578 816 accusativum
600 753 779 815 assumunt.

259 837 408 922 Quorum
430 839 670 923 haeccollegi:

260 928 296 1015 1)
320 929 466 995 induo:
489 927 668 1014 Quodlibet
690 927 825 993 indutus
849 925 1057 991 celeberrima
1080 946 1139 1009 per
1154 924 1228 989 loca
1243 924 1342 989 vadet

169 1015 233 1100 Ep·
255 1015 528 1190 bliii'ercinoz
557 1127 620 1171 neu
635 1105 714 1190 quid
730 1105 854 1170 medios
869 1103 1044 1169 intercinat
1060 1108 1152 1168 actus
1169 1123 1197 1168 a.
1215 1124 1247 1186 p.
1266 1106 1340 1169 194.

259 1192 296 1281 3)
319 1194 587 1261 interfundo:
624 1193 792 1259 Interfusa
819 1195 960 1258 nitentes
983 1192 1077 1261 Vites
1107 1212 1252 1274 aequora
1277 1188 1341 1275 Gy·

169 1283 282 1349 clades
298 1283 337 1350 Ο.
355 1285 376 1349 Ι
394 1290 475 1366 1410,
500 1285 558 1350 ubi
573 1283 746 1351 Nauokius
770 1283 839 1349 sine
861 1303 960 1347 causa
982 1282 1087 1364 ,Inter
1102 1280 1187 1346 fusa‘
1209 1302 1230 1346 a
1245 1285 1343 1364 poeta

169 1373 331 1457 scriptum
354 1395 424 1440 esse
447 1375 621 1440 existimat.

258 1465 294 1547 4)
317 1463 527 1529 circumdo:
563 1462 682 1548 Tyrius
713 1462 790 1527 dare
817 1463 940 1526 circum
965 1459 1071 1525 inluta
1093 1460 1216 1526 toralia
1238 1464 1342 1524 vestes

169 1549 564 1727 Β.1114811111111131
605 1642 790 1707 deversoria
820 1646 899 1706 nota
922 1638 1209 1724 Praeteragendus
1238 1658 1341 1721 equus

168 1729 279 1814 np.1
305 1735 382 1808 1421.

257 1908 309 1975 At
340 1910 470 1974 dativus
503 1910 678 1976 sociativus
716 1911 838 1994 legitur
871 1914 948 1993 post
982 1932 1011 1973 v.
1048 1909 1339 1991 circumpon0:

168 2000 263 2082 piper
290 2000 402 2064 album
430 2021 503 2065 cum
532 2000 599 2064 sale
622 2000 717 2085 nigro
741 2000 909 2065 Incretnm
942 1999 1034 2082 puris
1070 1996 1341 2081 circumposuisse

170 2089 291 2154 catillis
314 2087 348 2156 S.
364 2088 405 2153 ΙΙ
421 2092 485 2176 4⁷⁶·

613 2756 897 2860 Appendix.

706 2943 726 3030 1
750 2948 802 3008 re.

256 3082 429 3150 Permulta
458 3085 558 3152 verba
586 3090 619 3151 et
645 3087 819 3153 transitiva
849 3092 882 3151 et
916 3087 1138 3168 intransitiva,
1174 3085 1232 3150 ubi
1267 3108 1340 3151 oum

172 3174 412 3256 praepositione
439 3174 552 3258 aliqua
579 3176 785 3258 coaluerunt,
820 3176 1034 3260 principalem
1062 3177 1128 3240 vim
1155 3177 1204 3240 ita
1234 3177 1340 3260 magis

173 3263 316 3327 minusve
332 3263 515 3346 immutant,
540 3271 578 3329 ut
593 3271 652 3329 aut
676 3264 824 3330 absolute
847 3287 867 3329 a
890 3265 1105 3348 scriptoribus
1128 3270 1338 3347 usurpentur,

172 3358 226 3416 aut
254 3352 282 3416 si
310 3350 516 3435 adjungitur,
552 3374 616 3437 quo
640 3353 674 3418 id
697 3353 786 3437 quod
813 3353 947 3418 verbum
975 3353 1139 3437 significat
1167 3353 1338 3435 efficiatur,

173 3439 337 3505 ablativus
360 3448 594 3524 postponatur:

331 3535 369 3594 ut
392 3531 485 3595 volvo
501 3570 544 3578 —
560 3531 688 3604 involvo
711 3554 761 3597 me

391 3619 565 3684 claudo-
582 3621 711 3685 includo
736 3643 787 3686 me
808 3537 987 3791 ,1111111111
1010 3619 1108 3684 dieta.

390 3707 432 3772 do
448 3748 491 3756 -
507 3708 592 3775 abdo
616 3710 742 3793 aliquid

361 3814 488 3879 involvo
512 3838 562 3880 me
585 3817 696 3898 aliqua
719 3838 755 3881 re

362 3903 491 3968 includo
514 3926 565 3969 me
588 3906 701 3987 aliqua
724 3928 759 3970 re
806 3822 990 4075 ,adjuncto
1014 3903 1078 3968 abl.
1105 3904 1197 3969 instr.

362 3990 447 4056 abdo
471 3993 596 4077 aliquid
619 3995 790 4077 aliquare

259 4106 327 4174 Sed
359 4114 493 4191 apparet
522 4105 768 4177 omnibus'illis
796 4110 915 4191 verbis,
948 4115 1048 4194 prout
1076 4109 1233 4174 sociative
1264 4117 1340 4176 sunt

171 4203 301 4278 natura,
337 4197 437 4261 etiam
465 4196 612 4264 dativum
637 4202 711 4284 jure
742 4200 879 4285 adjungi
905 4220 1017 4282 posse3
1047 4220 1149 4280 quare
1173 4221 1246 4264 cum
1269 4221 1340 4282 per-

172 4306 268 4369 saepe
295 4306 362 4350 nua
388 4284 530 4352 alterave
561 4291 759 4354 constructio
788 4288 830 4353 ab
859 4287 1074 4371 scriptoribus
1104 4287 1255 4353 adhibita
1286 4290 1338 4370 sit,

171 4380 307 4462 propter
328 4394 423 4461 pares
446 4376 609 4447 interdum
632 4378 769 4448 ablativi
792 4383 824 4447 et
847 4378 952 4445 dativi
974 4377 1138 4444 clausulas
1153 4378 1188 4445 in
1203 4377 1340 4447 dubium

1089 4485 1104 4542 ‘p'
1112 4481 1127 4515 *
