3120 4838
625 248 748 333 “31
818 326 835 332 ..

76 472 161 519 sum
191 447 478 522 choriambicum
507 473 592 524 esse
621 450 762 522 debere
789 464 936 545 putaret
964 464 1107 520 etcum
1135 447 1233 543 apud
1253 444 1384 520 Alcae-

80 600 142 647 um
171 572 307 647 talem:
345 618 376 628 —
411 603 430 643 r·
448 604 467 646 u
481 572 544 624 ¹-
558 605 633 647 —u
651 572 808 647 1¹¹--
837 604 857 647 u
880 604 898 645 r·
920 620 971 630 —
997 603 1016 645 u
1039 620 1090 629 -
1116 613 1133 651 r·
1171 575 1382 655 invenisset.

80 702 177 775 hunc
192 701 386 774 Horatium
405 720 491 777 ante
506 708 632 778 oculos
648 705 822 777 habuisse
838 729 959 798 neque
975 718 1096 781 tamen
1112 718 1216 775 recte
1231 728 1388 798 expres-

81 830 177 903 sisse
205 830 276 901 sibi
302 831 561 925 persuaderet,
603 832 681 905 Sed
706 831 863 904 Horatio
890 831 921 903 si
949 830 1229 903 choriambicum
1251 827 1387 903 Alcaei

80 974 237 1031 metrum
265 957 394 1029 imitari
422 959 455 1031 in
484 960 606 1033 animo
633 977 723 1041 erat,
760 959 904 1032 Caesiis
937 959 1064 1031 Bassis
1095 955 1269 1030 similibus
1305 982 1386 1030 sua·

78 1085 230 1157 soribus
259 1110 353 1180 opus
374 1112 447 1159 non
468 1108 557 1162 erar„
614 1089 727 1161 lmmo
745 1113 898 1183 prorsus
918 1084 1015 1157 aliud
1034 1103 1190 1157 metrum
1213 1084 1388 1161 adhibuit,

75 1212 238 1311 quode
267 1238 380 1286 versu
409 1213 599 1311 Sapphico
628 1212 945 1310 hendecasyllabo
973 1213 1023 1285 ita
1051 1212 1156 1309 quasi
1175 1212 1382 1285 accrevisse

75 1342 238 1429 videtur,
266 1358 306 1414 ut
324 1359 412 1438 post
430 1340 584 1415 alterum
605 1345 818 1416 trochaeum
833 1341 991 1414 dimeter
1011 1340 1209 1435 dactylicus
1225 1337 1383 1433 ricaudo-

76 1475 204 1565 9ητος,
236 1495 347 1565 quem
381 1469 631 1545 choriambum
669 1487 813 1553 vocant,
851 1470 1114 1543 immitteretur.
1184 1470 1232 1541 Et
1271 1492 1384 1542 verae

78 1597 274 1671 doctrinae
302 1598 461 1693 vestigia
487 1597 607 1694 aliqua
639 1599 804 1695 quamvis
834 1600 993 1671 obscura
1029 1596 1128 1692 apud
1162 1594 1385 1669 Diomedem

79 1744 119 1799 et
143 1725 319 1799 Servium
346 1726 582 1815 inveniuntur,
612 1728 674 1824 qui
700 1753 844 1800 versum
871 1741 1036 1798 nostrum
1064 1748 1179 1798 nona
1208 1725 1387 1797 choriam-

79 1854 141 1937 bo,
171 1853 244 1925 sed
260 1853 309 1925 ab
320 1853 464 1949 epitrito
479 1853 647 1926 seeundo
663 1853 898 1950 incipientem
913 1853 1058 1926 faciant
1102 1851 1222 1927 Diom.
1244 1874 1381 1945 520‚25

78 1981 183 2055 Serv.
223 1986 382 2072 4'r'o‚10.
451 1981 626 2054 Ceterum
670 1996 825 2079 uterque
873 1983 917 2055 im
958 1980 1112 2067 eodem,
1156 2005 1230 2076 quo
1271 1979 1387 2052 ceteri

79 2108 232 2189 metrici,
263 2129 392 2180 errore
423 2124 481 2179 est
510 2125 549 2180 et
578 2108 784 2182 Diomedes
814 2133 964 2204 quoque
992 2134 1138 2181 versum
1166 2106 1290 2202 injuria
1318 2104 1383 2177 ΑΙ-

81 2238 220 2313 caicum
260 2235 442 2333 appellat.
499 2235 593 2311 Nam
625 2238 662 2310 id
695 2254 849 2311 metrum
885 2236 1042 2309 Horatii:
1063 2280 1113 2291 —
1130 2263 1277 2308 u--
1304 2275 1345 2287 --
1362 2260 1386 2303 r·

84 2392 104 2435 r·
116 2359 180 2417 ¹—
193 2406 248 2417 -
268 2392 288 2434 u
306 2391 326 2435 r·
341 2408 391 2417 -
410 2392 429 2435 u
446 2409 495 2419 —
511 2368 537 2445 'v'
556 2392 636 2439 cum
654 2367 690 2439 in
706 2382 787 2439 tota
805 2365 1011 2459 graecitate
1027 2362 1238 2460 nusquam¹)
1257 2384 1384 2433 occur·

83 2508 149 2581 rat,
176 2494 228 2565 ab
260 2493 418 2566 Horatio
443 2512 615 2568 novatum
644 2518 730 2564 esse
759 2493 972 2565 necessario
1001 2509 1164 2565 statuere
1192 2489 1385 2563 debemus.

83 2618 209 2713 Quare
239 2621 321 2694 sine
347 2623 450 2719 justa
477 2647 589 2695 causa
615 2622 712 2693 hunc
740 2645 886 2692 versum
917 2644 1012 2693 nunc
1043 2645 1065 2690 a
1084 2618 1269 2714 plerisque
1288 2617 1382 2712 Sap-

83 2747 225 2845 phicum
264 2774 334 2822 nec
370 2751 505 2823 rectius
547 2777 569 2822 a
604 2750 763 2823 Christio
811 2746 1033 2842 (Verskunst
1069 2746 1106 2819 d.
1144 2745 1192 2819 H.
1234 2770 1270 2841 p.
1320 2747 1382 2839 ιε)

82 2874 400 2950 Anacreonticum
434 2876 612 2974 appellari
647 2902 714 2972 per
744 2901 791 2947 se
825 2891 939 2971 patet.
967 2875 1168 2947 Caesuram
1208 2872 1387 2944 Horatius

83 3019 168 3100 post
196 3004 452 3079 choriambum
480 3006 614 3104 posuit.

478 3299 520 3391 B)
578 3295 987 3370 Cumanacrusi

83 3501 308 3599 conjunctus
336 3501 435 3598 apud
470 3501 662 3575 Horatium
696 3527 824 3574 versus
858 3500 1106 3597 logaoedicus
1137 3522 1227 3569 unus
1265 3494 1385 3567 Alcai-

84 3654 145 3703 cus
172 3626 516 3725 hendecasyllabus
556 3646 690 3703 exstat.
756 3627 917 3701 Alcaeus
955 3650 1145 3700 caesuram
1189 3648 1311 3719 neque
1350 3623 1385 3696 in

84 3756 152 3831 hoc
195 3782 314 3830 versu
357 3757 534 3831 effecerat
574 3783 698 3851 neque
741 3756 927 3829 anacrusis
967 3772 1006 3835 et
1035 3753 1183 3850 quintae
1215 3750 1381 3846 syllabae

193 4070 212 4141 ¹)
234 4070 358 4119 Christius
377 4088 401 4133 p.
422 4080 474 4133 504
493 4072 540 4120 sibi
557 4072 682 4121 detexisse
699 4073 767 4122 visus
785 4080 821 4122 est
839 4071 864 4120 in
883 4071 974 4121 Anacr.
995 4069 1023 4118 ir.
1044 4065 1078 4116 28
1097 4062 1203 4114 ἀσπίδα
1224 4063 1312 4130 ῥίψας
1333 4082 1386 4114 πο-

86 4172 171 4237 ταμοῖν
190 4159 347 4229 xreiirpdor·
367 4160 432 4231 παρ’
453 4162 553 4233 ὀχθιίς,
573 4165 641 4228 quod
663 4166 865 4230 perversissime,
894 4164 916 4212 si
935 4161 995 4227 quid
1014 4160 1095 4219 video,
1115 4173 1214 4207 mensus
1232 4166 1270 4205 est
1319 4157 1387 4207 Nam

83 4270 106 4311 et
122 4261 185 4311 Atil.
205 4260 277 4309 Fort.
298 4269 377 4320 3019
398 4265 423 4307 ut
443 4257 638 4307 choriambicum
657 4258 724 4307 hunc
742 4272 838 4305 versum
864 4254 935 4305 essert
953 4262 977 4304 et
996 4254 1097 4302 verbum
1118 4251 1207 4317 pe'rrrw
1230 4265 1386 4314 quamquam

84 4354 151 4403 initio
169 4370 187 4402 a
204 4352 365 4415 digammate
393 4350 515 4414 incepisse
542 4350 639 4399 videtur
665 4349 696 4399 cs.
724 4348 823 4398 Curtius
850 4346 1002 4411 Grundzttge
1041 4346 1084 4394 der
1113 4344 1208 4409 griech
1226 4342 1389 4407 Etymoloffie

87 4440 189 4511 ‘Leipa
211 4441 282 4505 1873
301 4459 328 4506 p.
349 4452 409 4505 353,
429 4440 455 4489 id
473 4441 499 4489 in
518 4443 567 4491 hoc
585 4443 709 4491 vocabulo
721 4441 790 4507 apud
803 4442 986 4489 Anacreontem
1005 4438 1038 4487 ad
1056 4437 1208 4502 positionem
1226 4434 1387 4485 efficiendam

87 4546 147 4589 uere
170 4554 224 4589 uon
241 4537 297 4601 jam
315 4534 401 4583 valuit.
