3120 4838
640 206 852 268 ...29-

171 373 301 438 nandae
331 372 427 439 fuisse
456 381 600 458 apparet,
631 374 673 438 ad
705 396 799 457 quam
831 396 947 453 omnes,
979 373 1005 438 si
1027 395 1078 438 res
1099 373 1261 458 poscebat,
1290 394 1323 438 se

166 482 384 567 applicabant.

272 589 323 654 De
345 590 457 654 ultima
478 589 682 654 similitudine
704 589 784 654 haec
804 591 888 655 dico:
914 590 940 653 si
965 590 1019 653 illa
1047 591 1211 666 sententia,
1238 591 1323 674 qnod

166 697 255 779 luna,
288 699 362 780 quia
394 696 548 761 scelernm
581 696 790 761 humanorum
828 719 898 761 eam
921 696 1050 778 pudeat,
1074 718 1107 761 se
1129 696 1323 762 abscondere

167 803 295 885 dicitur,
315 804 400 887 apud
416 804 594 868 Lucianum
615 807 648 869 in
672 805 781 869 eodem
805 810 901 887 atque
917 802 1001 886 apud
1017 803 1191 868 Horatium
1204 827 1324 870 conexu

167 919 365 992 occurreret,
396 912 467 976 fieri
499 934 562 977 non
585 920 702 995 posset,
735 914 812 995 quin
834 911 948 976 Herm.
969 911 1126 975 Fritzsohi
1149 915 1323 978 sententiae

167 1042 227 1085 nos
249 1021 479 1085 addiceremus
523 1019 588 1085 Sed
612 1021 767 1084 eumalio
790 1022 823 1084 in
846 1041 975 1094 conexu,
999 1019 1040 1083 ad
1063 1021 1141 1084 alias
1154 1042 1206 1085 res
1227 1027 1323 1103 atque

167 1150 322 1211 personas
344 1128 502 1192 translata
525 1149 563 1192 ea
584 1129 773 1211 reperiatur,
802 1149 865 1192 non
889 1134 946 1208 est,
974 1149 1030 1191 eur
1053 1129 1081 1192 ei
1103 1130 1321 1194 assentiamur.

169 1234 275 1299 Immo
295 1235 335 1300 de
357 1256 413 1299 suo
437 1235 610 1300 Horatium
633 1257 704 1299 eam
727 1237 959 1319 deprompsisse
979 1234 1129 1316 arbitror,
1153 1258 1234 1320 quae
1257 1243 1323 1301 tam

169 1343 309 1408 dilucide
325 1344 485 1427 ingenium
508 1345 574 1407 eius
598 1344 833 1427 praeseferat.
876 1343 962 1407 Nam
986 1349 1021 1406 ut
1046 1349 1115 1408 erat
1137 1344 1267 1423 facetus
1289 1352 1324 1409 ut

169 1449 271 1516 Orelli
292 1450 397 1515 verbis
421 1456 504 1531 utar,
534 1450 637 1514 facete
659 1450 710 1513 hic
733 1471 871 1533 quoque,
895 1457 931 1515 ut
953 1450 1134 1515 ostenderet
1156 1449 1324 1516 Canidiam

167 1559 310 1642 peiorem
337 1564 370 1622 et
392 1559 494 1641 magis
517 1546 762 1622 abominabilem
796 1559 908 1622 ceteris
931 1557 1086 1639 veneficia,
1110 1559 1224 1642 quibus
1245 1559 1324 1625 alias

172 1666 285 1730 adesse
307 1667 387 1730 solet
405 1665 508 1748 Luna,
531 1665 621 1729 finxit
640 1687 715 1730 eam
737 1673 868 1750 propter
889 1666 1044 1749 pudorem
1067 1689 1134 1732 sese
1156 1668 1324 1736 abdidisse.

275 1773 427 1857 Singulae
444 1774 542 1857 igitur
558 1774 630 1838 illae
654 1773 873 1838 similitudines
894 1774 972 1838 nihil
993 1775 1108 1857 valent,
1131 1797 1232 1859 neque
1254 1778 1325 1861 plus

170 1882 362 1959 cumulatae,
390 1904 463 1946 cum
492 1903 599 1945 onmes
620 1881 662 1946 ad
684 1903 751 1945 rem
774 1883 931 1965 magicam
953 1883 1141 1966 pertineant,
1165 1886 1255 1948 cuins
1278 1886 1325 1950 rei

170 1994 348 2072 apparatus
375 1989 416 2053 ab
438 1988 583 2052 Homero
606 1994 676 2053 erat
699 1979 879 2054 certissime
895 1992 1094 2057 constitutus,
1138 1991 1233 2075 Quod
1253 2015 1325 2077 psy-

169 2095 386 2160 chomantiam
409 2097 535 2160 omnino
558 2097 754 2178 perstrinxit,
787 2118 826 2158 ne
847 2096 940 2159 huius
962 2097 1090 2178 quidem
1112 2100 1158 2162 rei
1181 2100 1324 2183 exemplo

167 2202 328 2269 Horatius
351 2203 473 2284 egebat,
498 2204 574 2287 quia
595 2204 675 2269 tales
698 2212 785 2268 artes
800 2204 890 2290 illis¹)
907 2206 1104 2288 temporibus
1119 2208 1255 2272 maxime
1268 2208 1324 2273 fio

169 2317 279 2375 rentes
304 2310 400 2375 bilem
422 2312 488 2375 eius
508 2332 636 2375 movere
656 2333 783 2376 necesse
806 2317 883 2378 erat.

273 2440 389 2509 Horat.
413 2440 480 2506 Sat.
503 2442 522 2506 Ι
547 2444 575 2521 1,
605 2445 746 2506 08-71:
783 2439 949 2519 ,Tantalus
977 2463 996 2505 a
1024 2442 1121 2507 labris
1147 2444 1254 2508 sitiens
1278 2445 1324 2508 l·

169 2550 292 2634 gientia
312 2557 422 2635 captat
441 2550 591 2615 Flumina
611 2589 653 2600 -
676 2550 752 2632 quid
774 2548 884 2613 rides?
927 2549 1055 2614 Mutato
1085 2552 1210 2616 nomine
1232 2553 1272 2617 de
1292 2560 1323 2618 te

168 2655 300 2721 Fabula
322 2664 486 2722 narratm:
519 2659 677 2740 congestis
704 2656 843 2739 undique
872 2657 971 2720 saccis
997 2655 1158 2721 Indormis
1189 2658 1323 2724 inhians‘

170 2772 204 2830 et
237 2764 318 2830 Luc.
352 2764 434 2829 Tim.
467 2770 506 2830 18
542 2761 682 2847 ,διδόασι
720 2770 774 2847 (sc.
809 2765 912 2850 arari)
945 2759 1004 2849 τὴν
1036 2765 1128 2851 δίκην
1161 2759 1272 2852 ὥσπερ
1307 2768 1325 2833 d

172 2865 335 2950 ’.Γοὶνταλος
359 2867 477 2938 ἄποτοι
493 2874 546 2936 καὶ
563 2867 711 2957 ἄγευστοι
726 2874 778 2936 καὶ
796 2873 888 2959 ξηροὶ
903 2869 942 2936 τὸ
966 2866 1078 2957 στόμα,
1102 2870 1326 2959 ἐπικεχηνότες

170 2973 275 3066 μόνον
310 2983 360 3066 τῷ
381 2983 513 3065 χρνοίφί
545 2988 577 3046 et
598 2981 676 3047 Luc.
700 2980 797 3046 Char.
823 2984 862 3044 15
892 2977 932 3059 ,αἱ
955 2980 1081 3058 ἐλπίδες
1102 2975 1325 3067 ἀναπτάμεναι

170 3088 325 3173 οἴχονται,
341 3082 515 3174 κεχηνότας
532 3083 651 3164 oriende
667 3082 896 3161 ἀπολιποῦσαι,
919 3079 1000 3169 ὅπερ
1016 3089 1068 3150 καὶ
1084 3084 1143 3152 τὸν
1160 3082 1325 3156 Τάνταλον

169 3193 263 3261 κάτω
283 3190 451 3281 πάσχοντα
473 3190 559 3285 ὁρᾷς’
575 3191 643 3260 ὑπὸ
665 3199 725 3260 τοῦ
746 3190 886 3271 tteuroe‘.
921 3194 1010 3279 Ques
1030 3196 1116 3261 locos
1136 3204 1171 3260 ut
1185 3199 1269 3262 iuter
1292 3222 1325 3264 se

171 3306 359 3390 conjungat,
382 3304 507 3368 duabus
529 3304 632 3368 causis
652 3304 766 3368 Herm.
790 3302 986 3366 Fritzschius
1008 3311 1164 3382 movetur,
1186 3306 1325 3387 primum

173 3414 261 3498 quod
297 3420 433 3496 utroque
465 3414 540 3478 loce
576 3412 662 3476 dives
692 3434 763 3476 cmn
794 3410 932 3474 Tantalo
961 3418 1175 3493 comparatur,
1210 3412 1325 3479 deinde

172 3524 260 3606 quod
280 3522 405 3586 inhians
427 3522 479 3585 illo
500 3501 695 3604 perhibetur,
719 3519 774 3583 sed
800 3540 910 3583 earum
926 3540 1032 3582 rerum
1047 3526 1162 3582 neutra
1179 3521 1225 3584 ita
1241 3543 1325 3589 oom-

172 3636 289 3714 parata
311 3635 369 3710 est,
401 3636 436 3693 ut
458 3651 478 3692 a
501 3629 659 3692 communi
681 3635 811 3692 auctore
837 3626 1078 3708 descriptionem
1100 3629 1232 3708 petitam
1256 3652 1324 3697 esse

172 3737 296 3823 probet.
345 3736 474 3801 Etenim
501 3733 630 3799 Tantali
660 3735 770 3799 fabula
797 3734 836 3798 de
865 3734 968 3797 auaris
994 3739 1150 3814 usurpata
1178 3736 1324 3803 omnibus

172 3851 302 3930 praesto
313 3850 392 3927 erat,
403 3851 573 3928 postquam
587 3843 775 3926 philosophi,
788 3844 821 3905 in
836 3841 946 3924 primis
956 3839 1077 3926 Teles‘2)
1092 3840 1323 3926 Pythagoreus,

174 3954 347 4019 Tantalum
375 3960 411 4017 ut
440 3953 610 4035 imaginem
641 3950 822 4035 cupiditatis
852 3970 915 4011 non
944 3947 1117 4029 explendae
1139 3951 1230 4031 quasi
1253 3973 1324 4017 san-

280 4185 299 4249 ¹)
316 4186 386 4238 teste
404 4183 458 4239 cic.
477 4183 555 4236 Tusc.
577 4183 591 4235 1
610 4184 648 4247 lo,
668 4181 699 4236 de
718 4181 827 4234 divinat.
845 4178 933 4243 1132,
951 4178 1081 4231 inl'atin.
1100 4180 1122 4242 6,
1144 4180 1182 4235 1-1.

277 4274 298 4345 ²)
320 4275 394 4330 Stoh.
413 4275 454 4340 97,
473 4274 524 4337 313
542 4273 573 4326 cf.
594 4272 675 4326 Orelli
695 4276 723 4325 et
737 4269 881 4338 Kiesslingi
900 4269 958 4322 adn
978 4285 1002 4322 a.
1020 4266 1044 4319 b.
1065 4268 1081 4321 1.
