3120 4838
640 254 852 319 -35-

273 423 390 491 Horat.
412 448 441 494 a.
464 449 494 510 p.
516 429 697 508 aaa-250,
728 427 782 510 qui
812 447 921 491 versus
949 425 989 489 de
1020 425 1166 491 dramate
1187 424 1326 510 satyrico

168 538 255 611 sunt,
277 534 358 600 Luc.
379 534 453 599 ibid.
476 540 530 617 44,
555 539 606 614 45,
629 540 680 612 46,
703 534 941 618 ubipraecepta
958 530 1082 612 dantur,
1104 536 1327 618 quaeratione

167 660 280 705 rerum
307 643 446 726 ¹scriptor
470 645 518 709 uti
542 643 665 710 debeat.
708 643 754 707 Et
780 648 968 729 argumento
988 642 1102 706 horum
1123 643 1266 708 locorum
1290 664 1328 707 ea

168 746 204 809 in
227 769 264 812 re
281 750 461 832 concinunt,
481 750 568 834 quod
585 772 762 816 sermonem
777 751 925 832 medium,
946 750 1002 833 qui
1015 756 1140 815 tantum
1158 771 1178 814 a
1193 751 1328 831 sublimi,

172 863 331 939 quantum
351 859 392 922 ab
407 859 519 924 humili
533 859 626 939 absit,
645 882 720 925 raro
736 861 888 943 imagines
903 858 1104 942 usurpandas
1116 880 1184 924 esse
1195 864 1330 941 uterque

170 963 275 1033 docet.
331 966 396 1032 Sed
424 968 476 1032 hie
507 989 678 1033 cousensus
706 969 783 1034 levis
812 974 870 1050 est,
901 969 1018 1052 quippe
1047 990 1141 1051 quem
1170 968 1241 1051 ipsa
1267 988 1329 1046 res,

172 1095 272 1155 quam
299 1082 435 1160 uterque
462 1077 636 1159 tractabat,
665 1098 724 1161 per
745 1098 779 1142 se
802 1076 967 1149 efficiebat,
1011 1076 1126 1159 Neque
1147 1075 1274 1159 gravior
1295 1075 1329 1138 in

171 1182 279 1247 verbis
300 1186 494 1267 conspicitur
517 1185 699 1250 similitudo.
743 1185 830 1251 Nam
853 1206 1029 1250 sermonem
1050 1185 1208 1249 abiectum
1225 1189 1258 1248 et
1272 1183 1329 1247 hu·

125 1305 130 1312 '
172 1292 282 1356 milem
304 1313 375 1356 eum
398 1293 514 1374 dicere,
538 1295 592 1376 qui
613 1295 645 1358 in
660 1293 811 1371 tabernis,
834 1293 870 1359 ἓν
885 1294 1078 1377 καπηλείοις,
1101 1294 1203 1357 autin
1219 1292 1329 1372 trimis,

174 1394 231 1464 oia
254 1397 292 1464 ἐκ
309 1394 444 1485 τριόδου
468 1402 568 1488 (apud
582 1402 662 1469 Luc.
673 1401 747 1466 ibid
764 1423 790 1466 c.
808 1405 871 1487 16),
895 1401 1067 1479 audiretur,
1089 1400 1328 1465 usitatissimum

173 1514 255 1573 erat.
293 1509 417 1593 -Atque
449 1511 573 1575 etiamsi
603 1511 731 1594 gratior
765 1509 923 1593 quaedam
958 1508 1140 1589 similitude,
1173 1529 1255 1590 quae
1288 1508 1331 1570 ad

173 1636 375 1681 communem
398 1618 537 1701 aliquem
560 1624 722 1683 auctorem
745 1615 913 1681 referenda
936 1622 1028 1697 esset,
1057 1616 1140 1680 inter
1161 1614 1220 1679 hos
1241 1614 1328 1678 locos

172 1725 399 1807 intercederet,
421 1725 461 1790 do
481 1726 633 1809 Menippo
653 1747 716 1790 non
738 1725 943 1809 cogitandum
965 1730 1057 1802 esset,
1079 1745 1173 1807 quem
1194 1744 1214 1787 a
1236 1743 1331 1805 quae·

174 1832 333 1897 stionibus
353 1834 402 1898 liis
422 1833 500 1898 locis
528 1834 680 1898 institutis
709 1833 848 1898 alienum
875 1833 972 1897 tirisse
991 1832 1249 1896 verisimillimum
1272 1836 1329 1895 est.

280 1939 397 2007 Horat.
434 1962 464 2006 a.
500 1964 531 2025 p.
562 1944 725 2005 372-782
770 1939 992 2022 ,mediocribus
1020 1961 1088 2004 esso
1117 1940 1219 2022 poetis
1254 1936 1331 2001 Non

174 2045 332 2127 homines,
363 2070 426 2113 non
455 2048 496 2129 di,
531 2069 594 2113 non
624 2070 809 2113 concessere
829 2049 1004 2115 columnae.
1048 2047 1096 2111 Ut
1117 2053 1226 2130 gratas
1247 2047 1331 2110 inter

173 2176 306 2220 mensas
335 2157 522 2240 symphonia
550 2156 670 2221 discors
700 2157 745 2221 Et
772 2177 918 2238 crassum
945 2162 1142 2239 unguentum
1169 2163 1201 2219 et
1228 2154 1331 2219 Sardo

174 2285 250 2327 cum
277 2265 370 2329 melle
389 2286 530 2349 papaver
552 2265 729 2332 Offendunt
752 2317 758 2329 .
783 2315 790 2329 .
815 2317 822 2332 .
843 2317 849 2328 .
873 2317 881 2332 .
904 2288 924 2329 .:
961 2264 1042 2330 Sic.
1066 2314 1074 2328 .
1098 2314 1105 2328 .
1128 2285 1259 2347 poema,
1295 2262 1330 2327 Si

172 2372 321 2454 paullum
343 2394 465 2438 summo
488 2373 633 2455 decessit,
656 2374 759 2457 vergit
780 2372 823 2436 ad
845 2373 962 2450 imum‘,
986 2371 1065 2435 Luc.
1082 2372 1156 2437 ibid.
1178 2375 1233 2437 56:
1259 2391 1332 2433 cum

174 2500 288 2543 rerum
311 2481 402 2564 copia
432 2487 488 2561 est,
520 2481 682 2546 celeritate
701 2482 734 2544 in
752 2480 913 2544 narrando
937 2501 1015 2563 opus
1043 2486 1108 2558 est;
1138 2479 1332 2561 quinetiam

173 2587 281 2650 multa
298 2588 399 2651 omitti
414 2594 555 2671 possunt,
577 2595 614 2653 ut
632 2590 728 2653 etiam
743 2589 776 2652 in
791 2588 941 2666 convivio,
965 2608 1036 2651 cum
1050 2585 1332 2668 conquisitissimae

173 2695 292 2776 epulae
315 2702 448 2777 paratae
472 2698 544 2780 sint,
574 2719 637 2762 non
660 2698 736 2762 viles
762 2697 882 2761 amicus
903 2696 1005 2760 amico
1027 2696 1167 2778 apponit.
1211 2692 1263 2758 De
1283 2693 1332 2756 his

174 2803 257 2866 locis
280 2802 365 2867 idem
384 2803 552 2869 dicendum
567 2812 628 2869 est:
659 2826 734 2870 sane
763 2811 898 2886 uterque
921 2826 960 2867 ex
984 2824 1062 2866 cena
1084 2804 1214 2885 eiusque
1237 2823 1333 2885 appa-

175 2917 255 2975 ratu
279 2912 360 2993 petit
382 2912 511 2994 aliquid,
535 2934 597 2995 quo
618 2918 824 2996 praeceptum
840 2933 931 2976 suum
947 2909 1156 2994 adscriptum
1172 2909 1333 2992 quoddam

176 3018 344 3101 pertinens
364 3018 519 3097 illustret3
549 3019 604 3084 sed
627 3021 693 3083 sine
714 3024 874 3083 momento
896 3017 957 3081 hoo
980 3039 1058 3098 esse,
1081 3017 1208 3097 (licere,
1235 3015 1335 3100 Quin·

177 3124 311 3189 tilianus
332 3126 396 3205 Ia,
421 3130 470 3202 14,
492 3126 542 3194 VI
557 3132 587 3207 3,
613 3131 662 3209 14,
685 3129 723 3192 Χ
740 3132 767 3200 1,
784 3132 834 3207 58,
858 3127 913 3190 alii
932 3132 1099 3192 testantur.
1144 3124 1189 3190 Elt
1211 3126 1335 3189 etiamsi

180 3232 338 3313 gravioris
358 3234 509 3297 momenti
529 3234 590 3297 hoo
614 3241 703 3310 esset,
726 3233 945 3316 ambobusque
959 3234 1045 3298 idem
1060 3234 1222 3317 exemplar
1238 3232 1335 3297 modi·
1427 3258 1430 3264 ·

180 3337 322 3402 candum
353 3346 451 3419 esset,
494 3361 551 3403 cur
581 3340 767 3423 Menippum
803 3343 1001 3424 potissimum
1038 3348 1202 3407 auctorem
1238 3341 1336 3405 fuisse

183 3445 369 3524 diceremus
392 3467 455 3510 non
473 3447 673 3530 haberemus
697 3471 790 3531 quem
812 3450 885 3513 talis
909 3451 1154 3533 comparationis
1173 3450 1337 3513 instituen-

184 3551 246 3616 dae
269 3554 465 3619 occasionem
488 3578 551 3620 non
570 3557 718 3621 habuisse
741 3564 863 3622 certum
886 3564 940 3623 est.

284 3659 402 3725 Horat.
419 3682 467 3745 ep.
482 3662 512 3743 Ι,
528 3668 558 3744 4,
575 3670 608 3728 9;
633 3667 698 3748 ,qui
720 3687 833 3750 sapere
851 3672 883 3731 ot
898 3666 959 3729 fari
974 3666 1074 3749 possit
1095 3686 1177 3747 quae
1200 3666 1336 3745 sontiat‘,

184 3764 264 3832 Luc.
280 3766 355 3834 ibid.
371 3772 412 3832 37
434 3771 494 3848 ,καὶ
518 3773 630 3835 τοίνυν
652 3773 706 3835 καὶ
728 3774 802 3858 ripale·
824 3764 975 3846 τοιοῦτός
996 3796 1045 3847 τις
1066 3762 1084 3834 ὁ
1106 3768 1253 3856 μαθητὴς
1276 3775 1338 3837 νῦν

90 3934 93 3941 .
186 3866 436 3956 παραδεδόσθω,
471 3879 613 3942 συνεῖναί
640 3904 676 3944 τε
706 3882 758 3944 καὶ
787 3879 887 3943 εἰπεῖν
917 3874 978 3942 oria
1006 3871 1160 3962 ‹tynoejgfi
1203 3880 1277 3944 Hac
1300 3902 1339 3944 cx

188 3982 390 4048 similitudine
423 3987 610 4051 concludere
642 3988 793 4071 Menippo
824 3988 998 4052 Horatium
1028 4009 1120 4051 usum
1153 4009 1234 4064 esse,
1267 3989 1339 4053 ideo

191 4089 389 4170 probandum
404 4100 543 4175 nonest,
567 4098 641 4178 quia
660 4074 766 4168 rerba,
791 4094 906 4177 quibus
928 4094 1090 4159 Lucienus
1112 4116 1189 4159 usus
1211 4102 1268 4177 est,
1292 4119 1339 4177 ea,

195 4217 273 4278 quae
297 4204 392 4264 antea
418 4202 617 4281 disseruerat,
645 4204 781 4270 breviter
803 4202 1083 4287 comprehendunt.
1127 4202 1267 4270 Horatio
1294 4207 1340 4270 ita

195 4305 340 4371 scribenti
362 4308 388 4370 si
411 4311 515 4376 omnio
538 4312 619 4376 alius
642 4315 780 4379 auctoris
809 4314 987 4395 exenrplum
1010 4313 1253 4395 supponendum
1282 4320 1339 4399 est,

1198 4433 1239 4484 3*
