<?xml version="1.0" encoding="UTF-8"?>
<!DOCTYPE html PUBLIC "-//W3C//DTD XHTML 1.0 Transitional//EN"
    "http://www.w3.org/TR/xhtml1/DTD/xhtml1-transitional.dtd">
<html xmlns="http://www.w3.org/1999/xhtml" xml:lang="en" lang="en">
 <head>
  <title>
</title>
<meta http-equiv="Content-Type" content="text/html;charset=utf-8" />
  <meta name='ocr-system' content='tesseract 3.04.00' />
  <meta name='ocr-capabilities' content='ocr_page ocr_carea ocr_par ocr_line ocrx_word'/>
</head>
<body>
  <div class='ocr_page' id='page_1' title='image "./deverborumcompo00horagoog_0012.png"; bbox 0 0 3120 4838; ppageno 0'>
   <div class='ocr_carea' id='block_1_1' title="bbox 504 197 701 264">
    <p class='ocr_par' dir='ltr' id='par_1_1' title="bbox 504 197 701 264">
     <span class='ocr_line' id='line_1_1' title="bbox 504 197 701 264; baseline 0 -18"><span class='ocrx_word' id='word_1_1' title='bbox 504 197 701 264; x_wconf 63' lang='grc'>,6-</span> 
     </span>
    </p>
   </div>
   <div class='ocr_carea' id='block_1_2' title="bbox 18 374 1246 1871">
    <p class='ocr_par' dir='ltr' id='par_1_2' title="bbox 19 374 1188 616">
     <span class='ocr_line' id='line_1_2' title="bbox 23 374 1188 462; baseline 0.002 -24"><span class='ocrx_word' id='word_1_2' title='bbox 23 374 114 457; x_wconf 89' lang='lat' dir='ltr'>quali</span> <span class='ocrx_word' id='word_1_3' title='bbox 139 374 265 439; x_wconf 86' lang='lat' dir='ltr'>dicendi</span> <span class='ocrx_word' id='word_1_4' title='bbox 290 397 405 458; x_wconf 82' lang='lat' dir='ltr'>genere</span> <span class='ocrx_word' id='word_1_5' title='bbox 430 378 630 459; x_wconf 78' lang='lat' dir='ltr'>antiquiores</span> <span class='ocrx_word' id='word_1_6' title='bbox 654 378 845 462; x_wconf 78' lang='lat' dir='ltr'>scriptume,</span> <span class='ocrx_word' id='word_1_7' title='bbox 878 375 969 458; x_wconf 92' lang='lat' dir='ltr'>quali</span> <span class='ocrx_word' id='word_1_8' title='bbox 992 377 1188 459; x_wconf 83' lang='lat' dir='ltr'><strong>posteriores</strong></span> 
     </span>
     <span class='ocr_line' id='line_1_3' title="bbox 20 466 1188 547; baseline 0.002 -21"><span class='ocrx_word' id='word_1_9' title='bbox 20 467 70 527; x_wconf 89' lang='lat' dir='ltr'>usi</span> <span class='ocrx_word' id='word_1_10' title='bbox 95 466 169 542; x_wconf 88' lang='lat' dir='ltr'>sint,</span> <span class='ocrx_word' id='word_1_11' title='bbox 195 488 233 527; x_wconf 91' lang='lat' dir='ltr'>ac</span> <span class='ocrx_word' id='word_1_12' title='bbox 257 487 340 546; x_wconf 89' lang='lat' dir='ltr'>quae</span> <span class='ocrx_word' id='word_1_13' title='bbox 364 466 449 527; x_wconf 89' lang='lat' dir='ltr'>alius</span> <span class='ocrx_word' id='word_1_14' title='bbox 474 489 532 547; x_wconf 92' lang='lat' dir='ltr'>pro</span> <span class='ocrx_word' id='word_1_15' title='bbox 557 467 623 528; x_wconf 90' lang='lat' dir='ltr'>alio</span> <span class='ocrx_word' id='word_1_16' title='bbox 648 467 689 528; x_wconf 90' lang='lat' dir='ltr'>ad</span> <span class='ocrx_word' id='word_1_17' title='bbox 706 467 851 547; x_wconf 75' lang='lat' dir='ltr'>linguam</span> <span class='ocrx_word' id='word_1_18' title='bbox 868 466 1131 546; x_wconf 80' lang='lat' dir='ltr'>locupletandam</span> <span class='ocrx_word' id='word_1_19' title='bbox 1156 474 1188 528; x_wconf 89' lang='lat' dir='ltr'>et</span> 
     </span>
     <span class='ocr_line' id='line_1_4' title="bbox 19 553 435 616; baseline 0.002 -1"><span class='ocrx_word' id='word_1_20' title='bbox 19 553 227 616; x_wconf 83' lang='lat' dir='ltr'>excolendam</span> <span class='ocrx_word' id='word_1_21' title='bbox 251 555 435 616; x_wconf 88' lang='lat' dir='ltr'>contulerit.</span> 
     </span>
    </p>

    <p class='ocr_par' dir='ltr' id='par_1_3' title="bbox 19 640 1188 1419">
     <span class='ocr_line' id='line_1_5' title="bbox 110 640 1187 724; baseline 0.002 -19"><span class='ocrx_word' id='word_1_22' title='bbox 110 640 174 706; x_wconf 82' lang='lat' dir='ltr'>Sed</span> <span class='ocrx_word' id='word_1_23' title='bbox 196 642 264 723; x_wconf 86' lang='lat' dir='ltr'>jam</span> <span class='ocrx_word' id='word_1_24' title='bbox 288 642 355 704; x_wconf 80' lang='lat' dir='ltr'>dixi</span> <span class='ocrx_word' id='word_1_25' title='bbox 381 644 560 724; x_wconf 86' lang='lat' dir='ltr'>permultos</span> <span class='ocrx_word' id='word_1_26' title='bbox 583 644 717 707; x_wconf 80' lang='lat' dir='ltr'>Horatii</span> <span class='ocrx_word' id='word_1_27' title='bbox 742 651 773 706; x_wconf 92' lang='lat' dir='ltr'>et</span> <span class='ocrx_word' id='word_1_28' title='bbox 797 643 994 706; x_wconf 82' lang='lat' dir='ltr'>carminibus</span> <span class='ocrx_word' id='word_1_29' title='bbox 1018 644 1187 707; x_wconf 89' lang='lat' dir='ltr'>emendan-</span> 
     </span>
     <span class='ocr_line' id='line_1_6' title="bbox 19 731 1188 814; baseline 0.003 -22"><span class='ocrx_word' id='word_1_30' title='bbox 19 731 69 793; x_wconf 93' lang='lat' dir='ltr'>dis</span> <span class='ocrx_word' id='word_1_31' title='bbox 102 731 302 812; x_wconf 81' lang='lat' dir='ltr'>explicandis</span> <span class='ocrx_word' id='word_1_32' title='bbox 335 731 540 795; x_wconf 81' lang='lat' dir='ltr'>illustrandis</span> <span class='ocrx_word' id='word_1_33' title='bbox 569 740 599 794; x_wconf 91' lang='lat' dir='ltr'>et</span> <span class='ocrx_word' id='word_1_34' title='bbox 629 733 864 796; x_wconf 84' lang='lat' dir='ltr'>examinandae</span> <span class='ocrx_word' id='word_1_35' title='bbox 892 740 924 795; x_wconf 90' lang='lat' dir='ltr'>et</span> <span class='ocrx_word' id='word_1_36' title='bbox 948 733 1188 814; x_wconf 88' lang='lat' dir='ltr'>persequendae</span> 
     </span>
     <span class='ocr_line' id='line_1_7' title="bbox 20 818 1187 904; baseline 0.002 -22"><span class='ocrx_word' id='word_1_37' title='bbox 20 820 176 882; x_wconf 90' lang='lat' dir='ltr'>locutioni</span> <span class='ocrx_word' id='word_1_38' title='bbox 201 820 308 882; x_wconf 89' lang='lat' dir='ltr'>adhuc</span> <span class='ocrx_word' id='word_1_39' title='bbox 331 821 504 885; x_wconf 76' lang='lat' dir='ltr'>vacavisse.</span> <span class='ocrx_word' id='word_1_40' title='bbox 553 818 655 904; x_wconf 77' lang='lat' dir='ltr'>Cujus</span> <span class='ocrx_word' id='word_1_41' title='bbox 687 823 821 884; x_wconf 89' lang='lat' dir='ltr'>alterius</span> <span class='ocrx_word' id='word_1_42' title='bbox 846 823 972 903; x_wconf 79' lang='lat' dir='ltr'>generis</span> <span class='ocrx_word' id='word_1_43' title='bbox 997 828 1187 886; x_wconf 90' lang='lat' dir='ltr'>commenta·</span> 
     </span>
     <span class='ocr_line' id='line_1_8' title="bbox 20 909 1187 993; baseline 0.003 -22"><span class='ocrx_word' id='word_1_44' title='bbox 20 911 123 972; x_wconf 89' lang='lat' dir='ltr'>tiones</span> <span class='ocrx_word' id='word_1_45' title='bbox 147 931 255 973; x_wconf 92' lang='lat' dir='ltr'>omues</span> <span class='ocrx_word' id='word_1_46' title='bbox 279 909 432 972; x_wconf 91' lang='lat' dir='ltr'>hocloco</span> <span class='ocrx_word' id='word_1_47' title='bbox 457 909 571 972; x_wconf 83' lang='lat' dir='ltr'>afferre</span> <span class='ocrx_word' id='word_1_48' title='bbox 596 932 676 991; x_wconf 90' lang='lat' dir='ltr'>opus</span> <span class='ocrx_word' id='word_1_49' title='bbox 701 932 763 973; x_wconf 92' lang='lat' dir='ltr'>non</span> <span class='ocrx_word' id='word_1_50' title='bbox 788 917 853 988; x_wconf 87' lang='lat' dir='ltr'>est;</span> <span class='ocrx_word' id='word_1_51' title='bbox 891 916 940 974; x_wconf 88' lang='lat' dir='ltr'>est</span> <span class='ocrx_word' id='word_1_52' title='bbox 968 911 1187 993; x_wconf 84' lang='lat' dir='ltr'>enimlargus</span> 
     </span>
     <span class='ocr_line' id='line_1_9' title="bbox 20 998 1185 1080; baseline 0.003 -21"><span class='ocrx_word' id='word_1_53' title='bbox 20 1021 129 1060; x_wconf 88' lang='lat' dir='ltr'>earum</span> <span class='ocrx_word' id='word_1_54' title='bbox 153 1020 264 1080; x_wconf 77' lang='lat' dir='ltr'>penne,</span> <span class='ocrx_word' id='word_1_55' title='bbox 290 1020 489 1080; x_wconf 80' lang='lat' dir='ltr'>quaerisque</span> <span class='ocrx_word' id='word_1_56' title='bbox 506 998 547 1061; x_wconf 92' lang='lat' dir='ltr'>ad</span> <span class='ocrx_word' id='word_1_57' title='bbox 565 1021 683 1062; x_wconf 90' lang='lat' dir='ltr'>annum</span> <span class='ocrx_word' id='word_1_58' title='bbox 701 1004 786 1063; x_wconf 84' lang='grc'><strong>1866</strong></span> <span class='ocrx_word' id='word_1_59' title='bbox 804 1001 837 1062; x_wconf 91' lang='lat' dir='ltr'>iu</span> <span class='ocrx_word' id='word_1_60' title='bbox 854 1001 959 1063; x_wconf 88' lang='lat' dir='ltr'>lucem</span> <span class='ocrx_word' id='word_1_61' title='bbox 976 1001 1081 1063; x_wconf 87' lang='lat' dir='ltr'>editae</span> <span class='ocrx_word' id='word_1_62' title='bbox 1102 1008 1185 1077; x_wconf 87' lang='lat' dir='ltr'>sunt,</span> 
     </span>
     <span class='ocr_line' id='line_1_10' title="bbox 20 1087 1185 1170; baseline 0.003 -22"><span class='ocrx_word' id='word_1_63' title='bbox 20 1087 60 1148; x_wconf 87' lang='lat' dir='ltr'>ab</span> <span class='ocrx_word' id='word_1_64' title='bbox 85 1087 259 1168; x_wconf 83' lang='lat' dir='ltr'>Ebelingio</span> <span class='ocrx_word' id='word_1_65' title='bbox 283 1089 315 1150; x_wconf 92' lang='lat' dir='ltr'>in</span> <span class='ocrx_word' id='word_1_66' title='bbox 341 1089 496 1170; x_wconf 88' lang='lat' dir='ltr'>opusculo</span> <span class='ocrx_word' id='word_1_67' title='bbox 521 1088 583 1167; x_wconf 90' lang='lat' dir='ltr'>„de</span> <span class='ocrx_word' id='word_1_68' title='bbox 607 1110 740 1152; x_wconf 82' lang='lat' dir='ltr'>casuum</span> <span class='ocrx_word' id='word_1_69' title='bbox 764 1111 826 1151; x_wconf 91' lang='lat' dir='ltr'>usu</span> <span class='ocrx_word' id='word_1_70' title='bbox 850 1089 1059 1152; x_wconf 72' lang='lat' dir='ltr'>Horatiano“</span> <span class='ocrx_word' id='word_1_71' title='bbox 1085 1091 1185 1170; x_wconf 83' lang='lat' dir='ltr'>(prgr.</span> 
     </span>
     <span class='ocr_line' id='line_1_11' title="bbox 21 1176 1188 1261; baseline 0.002 -25"><span class='ocrx_word' id='word_1_72' title='bbox 21 1176 254 1257; x_wconf 84' lang='lat' dir='ltr'>Wernigerode</span> <span class='ocrx_word' id='word_1_73' title='bbox 282 1181 379 1261; x_wconf 82' lang='grc'><strong>1868)</strong></span> <span class='ocrx_word' id='word_1_74' title='bbox 411 1177 487 1240; x_wconf 90' lang='lat' dir='ltr'>inde</span> <span class='ocrx_word' id='word_1_75' title='bbox 518 1199 537 1240; x_wconf 91' lang='lat' dir='ltr'>a</span> <span class='ocrx_word' id='word_1_76' title='bbox 568 1178 690 1259; x_wconf 83' lang='lat' dir='ltr'>pagina</span> <span class='ocrx_word' id='word_1_77' title='bbox 722 1183 838 1258; x_wconf 91' lang='lat' dir='ltr'>quarta</span> <span class='ocrx_word' id='word_1_78' title='bbox 875 1185 1097 1259; x_wconf 77' lang='lat' dir='ltr'>enumeratus,</span> <span class='ocrx_word' id='word_1_79' title='bbox 1133 1177 1188 1240; x_wconf 90' lang='lat' dir='ltr'>sed</span> 
     </span>
     <span class='ocr_line' id='line_1_12' title="bbox 19 1264 1187 1348; baseline 0.002 -22.016"><span class='ocrx_word' id='word_1_80' title='bbox 19 1264 186 1328; x_wconf 79' lang='lat' dir='ltr'>addendae</span> <span class='ocrx_word' id='word_1_81' title='bbox 210 1273 286 1328; x_wconf 89' lang='grc' dir='ltr'>ιιιιιι</span> <span class='ocrx_word' id='word_1_82' title='bbox 273 1266 371 1328; x_wconf 85' lang='lat' dir='ltr'>thoe</span> <span class='ocrx_word' id='word_1_83' title='bbox 394 1267 464 1330; x_wconf 88' lang='lat' dir='ltr'>loco</span> <span class='ocrx_word' id='word_1_84' title='bbox 488 1285 545 1329; x_wconf 87' lang='lat' dir='ltr'>eae</span> <span class='ocrx_word' id='word_1_85' title='bbox 569 1267 832 1347; x_wconf 78' lang='lat' dir='ltr'>dissertationeS,</span> <span class='ocrx_word' id='word_1_86' title='bbox 866 1288 949 1348; x_wconf 90' lang='lat' dir='ltr'>quae</span> <span class='ocrx_word' id='word_1_87' title='bbox 972 1273 1047 1348; x_wconf 89' lang='lat' dir='ltr'>post</span> <span class='ocrx_word' id='word_1_88' title='bbox 1071 1288 1187 1330; x_wconf 92' lang='lat' dir='ltr'>annum</span> 
     </span>
     <span class='ocr_line' id='line_1_13' title="bbox 19 1354 514 1434; baseline 0.007 -18.151"><span class='ocrx_word' id='word_1_89' title='bbox 19 1375 114 1434; x_wconf 93' lang='lat' dir='ltr'>quem</span> <span class='ocrx_word' id='word_1_90' title='bbox 138 1354 237 1416; x_wconf 89' lang='lat' dir='ltr'>dixi</span> <span class='ocrx_word' id='word_1_91' title='bbox 229 1355 321 1418; x_wconf 86' lang='lat' dir='ltr'>instit</span> <span class='ocrx_word' id='word_1_92' title='bbox 325 1360 398 1418; x_wconf 90' lang='lat' dir='ltr'>utae</span> <span class='ocrx_word' id='word_1_93' title='bbox 422 1363 514 1419; x_wconf 87' lang='lat' dir='ltr'>sunt</span> 
     </span>
    </p>

    <p class='ocr_par' dir='ltr' id='par_1_4' title="bbox 110 1440 1047 1527">
     <span class='ocr_line' id='line_1_14' title="bbox 110 1440 1047 1527; baseline 0 -21"><span class='ocrx_word' id='word_1_94' title='bbox 110 1442 236 1513; x_wconf 88' lang='lat' dir='ltr'>Neuss</span> <span class='ocrx_word' id='word_1_95' title='bbox 258 1450 407 1525; x_wconf 87' lang='lat' dir='ltr'>„quaest</span> <span class='ocrx_word' id='word_1_96' title='bbox 432 1445 515 1508; x_wconf 89' lang='lat' dir='ltr'>Hor.</span> <span class='ocrx_word' id='word_1_97' title='bbox 541 1468 677 1527; x_wconf 84' lang='lat' dir='ltr'>gramm</span> <span class='ocrx_word' id='word_1_98' title='bbox 682 1450 701 1481; x_wconf 82' lang='lat'><strong>“</strong></span> <span class='ocrx_word' id='word_1_99' title='bbox 725 1446 802 1510; x_wconf 90' lang='lat' dir='ltr'>diss.</span> <span class='ocrx_word' id='word_1_100' title='bbox 827 1440 969 1508; x_wconf 88' lang='lat' dir='ltr'>Monast.</span> <span class='ocrx_word' id='word_1_101' title='bbox 997 1448 1047 1509; x_wconf 87' lang='grc'>70</span> 
     </span>
    </p>

    <p class='ocr_par' dir='ltr' id='par_1_5' title="bbox 18 1524 1189 1708">
     <span class='ocr_line' id='line_1_15' title="bbox 109 1524 1189 1616; baseline 0.002 -23"><span class='ocrx_word' id='word_1_102' title='bbox 109 1531 208 1595; x_wconf 89' lang='lat' dir='ltr'>Wirt</span> <span class='ocrx_word' id='word_1_103' title='bbox 196 1540 301 1596; x_wconf 80' lang='lat' dir='ltr'>tuens</span> <span class='ocrx_word' id='word_1_104' title='bbox 338 1533 527 1614; x_wconf 86' lang='lat' dir='ltr'>„gebrauch</span> <span class='ocrx_word' id='word_1_105' title='bbox 557 1534 663 1598; x_wconf 77' lang='lat' dir='ltr'>der)</span> <span class='ocrx_word' id='word_1_106' title='bbox 644 1557 776 1616; x_wconf 89' lang='lat' dir='ltr'>praepp.</span> <span class='ocrx_word' id='word_1_107' title='bbox 809 1535 841 1597; x_wconf 93' lang='lat' dir='ltr'>in</span> <span class='ocrx_word' id='word_1_108' title='bbox 872 1534 988 1596; x_wconf 83' lang='lat' dir='ltr'>deret</span> <span class='ocrx_word' id='word_1_109' title='bbox 975 1524 1142 1614; x_wconf 88' lang='lat' dir='ltr'>te’llung</span> <span class='ocrx_word' id='word_1_110' title='bbox 1123 1529 1189 1595; x_wconf 78' lang='grc' dir='ltr'>ιιιιι)</span> 
     </span>
     <span class='ocr_line' id='line_1_16' title="bbox 18 1621 952 1708; baseline 0.002 -25"><span class='ocrx_word' id='word_1_111' title='bbox 18 1624 122 1683; x_wconf 62' lang='lat' dir='ltr'>aevvm]</span> <span class='ocrx_word' id='word_1_112' title='bbox 147 1621 197 1683; x_wconf 85' lang='lat' dir='ltr'>bei</span> <span class='ocrx_word' id='word_1_113' title='bbox 222 1622 288 1685; x_wconf 80' lang='lat' dir='ltr'><strong>H.‘·&#39;</strong></span> <span class='ocrx_word' id='word_1_114' title='bbox 312 1623 605 1708; x_wconf 31' lang='lat' dir='ltr'>prgr3realgymn.</span> <span class='ocrx_word' id='word_1_115' title='bbox 631 1623 832 1686; x_wconf 81' lang='lat' dir='ltr'>Waidhofen</span> <span class='ocrx_word' id='word_1_116' title='bbox 857 1627 952 1687; x_wconf 79' lang='grc'><strong>1875.</strong></span> 
     </span>
    </p>

    <p class='ocr_par' dir='ltr' id='par_1_6' title="bbox 18 1708 1246 1871">
     <span class='ocr_line' id='line_1_17' title="bbox 108 1708 1246 1794; baseline 0.001 -24"><span class='ocrx_word' id='word_1_117' title='bbox 108 1708 146 1771; x_wconf 80' lang='grc' dir='ltr'>Ιι.</span> <span class='ocrx_word' id='word_1_118' title='bbox 171 1710 437 1794; x_wconf 82' lang='lat' dir='ltr'>Uuterberger</span> <span class='ocrx_word' id='word_1_119' title='bbox 463 1713 703 1794; x_wconf 85' lang='lat' dir='ltr'>„syntactische</span> <span class='ocrx_word' id='word_1_120' title='bbox 726 1713 923 1793; x_wconf 82' lang='lat' dir='ltr'>graecismen</span> <span class='ocrx_word' id='word_1_121' title='bbox 939 1711 991 1774; x_wconf 88' lang='lat' dir='ltr'>bei</span> <span class='ocrx_word' id='word_1_122' title='bbox 1006 1711 1072 1774; x_wconf 85' lang='lat' dir='ltr'><strong>H.“</strong></span> <span class='ocrx_word' id='word_1_123' title='bbox 1098 1731 1187 1791; x_wconf 68' lang='lat' dir='ltr'>prgr.</span> <span class='ocrx_word' id='word_1_124' title='bbox 1242 1747 1246 1754; x_wconf 89' lang='lat'><strong>·</strong></span> 
     </span>
     <span class='ocr_line' id='line_1_18' title="bbox 18 1797 624 1871; baseline 0.007 -11"><span class='ocrx_word' id='word_1_125' title='bbox 18 1797 140 1861; x_wconf 85' lang='lat' dir='ltr'>Brixeu</span> <span class='ocrx_word' id='word_1_126' title='bbox 167 1803 260 1864; x_wconf 87' lang='grc'><strong>1877.</strong></span> <span class='ocrx_word' id='word_1_127' title='bbox 614 1846 624 1871; x_wconf 69' lang='grc' dir='ltr'>ι</span> 
     </span>
    </p>
   </div>
   <div class='ocr_carea' id='block_1_3' title="bbox 18 1903 1187 2057">
    <p class='ocr_par' dir='ltr' id='par_1_7' title="bbox 18 1903 1187 2057">
     <span class='ocr_line' id='line_1_19' title="bbox 106 1903 1187 1990; baseline -0.002 -22"><span class='ocrx_word' id='word_1_128' title='bbox 106 1903 251 1987; x_wconf 77' lang='lat' dir='ltr'>Quarum</span> <span class='ocrx_word' id='word_1_129' title='bbox 277 1928 358 1988; x_wconf 90' lang='lat' dir='ltr'>quas</span> <span class='ocrx_word' id='word_1_130' title='bbox 382 1909 521 1971; x_wconf 89' lang='lat' dir='ltr'>secundo</span> <span class='ocrx_word' id='word_1_131' title='bbox 546 1929 584 1972; x_wconf 90' lang='lat' dir='ltr'>ao</span> <span class='ocrx_word' id='word_1_132' title='bbox 607 1909 702 1971; x_wconf 88' lang='lat' dir='ltr'>tertio</span> <span class='ocrx_word' id='word_1_133' title='bbox 727 1909 797 1971; x_wconf 93' lang='lat' dir='ltr'>loco</span> <span class='ocrx_word' id='word_1_134' title='bbox 818 1907 916 1974; x_wconf 89' lang='lat' dir='ltr'>attuli</span> <span class='ocrx_word' id='word_1_135' title='bbox 932 1907 1089 1990; x_wconf 87' lang='lat' dir='ltr'>inspicere</span> <span class='ocrx_word' id='word_1_136' title='bbox 1105 1904 1187 1967; x_wconf 87' lang='lat' dir='ltr'>mihi</span> 
     </span>
     <span class='ocr_line' id='line_1_20' title="bbox 18 1994 207 2057; baseline 0 0"><span class='ocrx_word' id='word_1_137' title='bbox 18 2015 81 2057; x_wconf 90' lang='lat' dir='ltr'>nou</span> <span class='ocrx_word' id='word_1_138' title='bbox 105 1994 207 2057; x_wconf 89' lang='lat' dir='ltr'>licuit.</span> 
     </span>
    </p>
   </div>
   <div class='ocr_carea' id='block_1_4' title="bbox 18 2100 1188 2364">
    <p class='ocr_par' dir='ltr' id='par_1_8' title="bbox 19 2100 1188 2364">
     <span class='ocr_line' id='line_1_21' title="bbox 107 2100 1188 2187; baseline 0.002 -24"><span class='ocrx_word' id='word_1_139' title='bbox 107 2100 152 2163; x_wconf 92' lang='lat' dir='ltr'>H.</span> <span class='ocrx_word' id='word_1_140' title='bbox 174 2100 301 2165; x_wconf 91' lang='lat' dir='ltr'>Dittel</span> <span class='ocrx_word' id='word_1_141' title='bbox 328 2103 388 2183; x_wconf 89' lang='lat' dir='ltr'>„de</span> <span class='ocrx_word' id='word_1_142' title='bbox 412 2104 515 2167; x_wconf 88' lang='lat' dir='ltr'>dativi</span> <span class='ocrx_word' id='word_1_143' title='bbox 540 2104 627 2187; x_wconf 88' lang='lat' dir='ltr'>apud</span> <span class='ocrx_word' id='word_1_144' title='bbox 644 2103 689 2169; x_wconf 88' lang='lat' dir='ltr'>H.</span> <span class='ocrx_word' id='word_1_145' title='bbox 708 2108 788 2167; x_wconf 87' lang='lat' dir='ltr'>usu“</span> <span class='ocrx_word' id='word_1_146' title='bbox 815 2126 903 2186; x_wconf 85' lang='lat' dir='ltr'>prgr.</span> <span class='ocrx_word' id='word_1_147' title='bbox 929 2125 1037 2186; x_wconf 79' lang='lat' dir='ltr'>gymn.</span> <span class='ocrx_word' id='word_1_148' title='bbox 1062 2102 1188 2167; x_wconf 85' lang='lat' dir='ltr'>Lands-</span> 
     </span>
     <span class='ocr_line' id='line_1_22' title="bbox 19 2189 1188 2275; baseline 0.001 -22"><span class='ocrx_word' id='word_1_149' title='bbox 19 2211 95 2254; x_wconf 88' lang='lat' dir='ltr'>oron</span> <span class='ocrx_word' id='word_1_150' title='bbox 119 2190 139 2254; x_wconf 92' lang='grc' dir='ltr'>ι,</span> <span class='ocrx_word' id='word_1_151' title='bbox 166 2189 203 2268; x_wconf 91' lang='grc' dir='ltr'>Β.</span> <span class='ocrx_word' id='word_1_152' title='bbox 233 2195 333 2271; x_wconf 89' lang='grc'><strong>1878,</strong></span> <span class='ocrx_word' id='word_1_153' title='bbox 368 2194 419 2255; x_wconf 91' lang='lat' dir='ltr'>cui</span> <span class='ocrx_word' id='word_1_154' title='bbox 443 2193 484 2260; x_wconf 88' lang='lat' dir='ltr'>V.</span> <span class='ocrx_word' id='word_1_155' title='bbox 509 2193 568 2272; x_wconf 65' lang='lat' dir='ltr'>D,</span> <span class='ocrx_word' id='word_1_156' title='bbox 602 2193 687 2275; x_wconf 92' lang='lat' dir='ltr'>quod</span> <span class='ocrx_word' id='word_1_157' title='bbox 718 2194 800 2256; x_wconf 87' lang='lat' dir='ltr'>mihi</span> <span class='ocrx_word' id='word_1_158' title='bbox 831 2191 1021 2275; x_wconf 89' lang='lat' dir='ltr'>opusculum</span> <span class='ocrx_word' id='word_1_159' title='bbox 1049 2193 1188 2274; x_wconf 84' lang='lat' dir='ltr'>benigne</span> 
     </span>
     <span class='ocr_line' id='line_1_23' title="bbox 18 2278 973 2364; baseline 0.003 -22.131"><span class='ocrx_word' id='word_1_160' title='bbox 18 2278 174 2343; x_wconf 91' lang='lat' dir='ltr'>utendum</span> <span class='ocrx_word' id='word_1_161' title='bbox 198 2280 346 2360; x_wconf 80' lang='lat' dir='ltr'>tradidit,</span> <span class='ocrx_word' id='word_1_162' title='bbox 373 2289 446 2363; x_wconf 83' lang='lat' dir='ltr'>grat</span> <span class='ocrx_word' id='word_1_163' title='bbox 449 2283 506 2346; x_wconf 88' lang='grc' dir='ltr'>ιιι</span> <span class='ocrx_word' id='word_1_164' title='bbox 521 2283 575 2346; x_wconf 91' lang='lat' dir='ltr'>hio</span> <span class='ocrx_word' id='word_1_165' title='bbox 598 2303 660 2364; x_wconf 84' lang='lat' dir='ltr'>ago</span> <span class='ocrx_word' id='word_1_166' title='bbox 684 2305 782 2364; x_wconf 87' lang='lat' dir='ltr'>quam</span> <span class='ocrx_word' id='word_1_167' title='bbox 805 2284 973 2345; x_wconf 85' lang='lat' dir='ltr'>maximas.</span> 
     </span>
    </p>
   </div>
   <div class='ocr_carea' id='block_1_5' title="bbox 21 2366 1186 2523">
    <p class='ocr_par' dir='ltr' id='par_1_9' title="bbox 21 2366 1186 2523">
     <span class='ocr_line' id='line_1_24' title="bbox 107 2366 1186 2521; baseline 0.003 -92"><span class='ocrx_word' id='word_1_168' title='bbox 107 2367 327 2521; x_wconf 53' lang='grc' dir='ltr'>ΒιιὲιΙιιι</span> <span class='ocrx_word' id='word_1_169' title='bbox 273 2421 287 2450; x_wconf 89' lang='grc'>,,</span> <span class='ocrx_word' id='word_1_170' title='bbox 298 2370 503 2472; x_wconf 87' lang='lat' dir='ltr'>sprachliohe</span> <span class='ocrx_word' id='word_1_171' title='bbox 539 2371 669 2435; x_wconf 89' lang='lat' dir='ltr'>studien</span> <span class='ocrx_word' id='word_1_172' title='bbox 709 2395 749 2434; x_wconf 84' lang='lat' dir='ltr'>zu</span> <span class='ocrx_word' id='word_1_173' title='bbox 784 2372 828 2434; x_wconf 90' lang='lat' dir='ltr'>H.</span> <span class='ocrx_word' id='word_1_174' title='bbox 865 2366 951 2434; x_wconf 81' lang='lat' dir='ltr'>sat.“</span> <span class='ocrx_word' id='word_1_175' title='bbox 977 2393 1066 2453; x_wconf 88' lang='lat' dir='ltr'>prgr.</span> <span class='ocrx_word' id='word_1_176' title='bbox 1104 2370 1186 2433; x_wconf 86' lang='lat' dir='ltr'>Linz</span> 
     </span>
     <span class='ocr_line' id='line_1_25' title="bbox 21 2463 156 2523; baseline -0.025 -2"><span class='ocrx_word' id='word_1_177' title='bbox 21 2463 104 2523; x_wconf 75' lang='grc'><strong>1819</strong></span> <span class='ocrx_word' id='word_1_178' title='bbox 130 2480 156 2518; x_wconf 84' lang='grc' dir='ltr'>ι</span> 
     </span>
    </p>
   </div>
   <div class='ocr_carea' id='block_1_6' title="bbox 18 2565 1188 3182">
    <p class='ocr_par' dir='ltr' id='par_1_10' title="bbox 18 2565 1188 3182">
     <span class='ocr_line' id='line_1_26' title="bbox 109 2565 1187 2649; baseline -0.003 -18"><span class='ocrx_word' id='word_1_179' title='bbox 109 2568 188 2631; x_wconf 82' lang='lat' dir='ltr'>Jam</span> <span class='ocrx_word' id='word_1_180' title='bbox 214 2589 287 2629; x_wconf 78' lang='lat' dir='ltr'>vero</span> <span class='ocrx_word' id='word_1_181' title='bbox 312 2567 351 2630; x_wconf 90' lang='lat' dir='ltr'>de</span> <span class='ocrx_word' id='word_1_182' title='bbox 376 2568 545 2631; x_wconf 91' lang='lat' dir='ltr'>verborum</span> <span class='ocrx_word' id='word_1_183' title='bbox 563 2568 845 2649; x_wconf 82' lang='lat' dir='ltr'>compositorums</span> <span class='ocrx_word' id='word_1_184' title='bbox 832 2570 935 2628; x_wconf 83' lang='lat' dir='ltr'>struet</span> <span class='ocrx_word' id='word_1_185' title='bbox 937 2587 996 2627; x_wconf 90' lang='lat' dir='ltr'>ura</span> <span class='ocrx_word' id='word_1_186' title='bbox 1012 2586 1117 2646; x_wconf 86' lang='lat' dir='ltr'>pauca</span> <span class='ocrx_word' id='word_1_187' title='bbox 1140 2565 1187 2628; x_wconf 90' lang='lat' dir='ltr'>in·</span> 
     </span>
     <span class='ocr_line' id='line_1_27' title="bbox 20 2655 1187 2756; baseline 0 -39"><span class='ocrx_word' id='word_1_188' title='bbox 20 2658 193 2720; x_wconf 84' lang='lat' dir='ltr'>veniuntur</span> <span class='ocrx_word' id='word_1_189' title='bbox 218 2657 305 2737; x_wconf 86' lang='lat' dir='ltr'>apud</span> <span class='ocrx_word' id='word_1_190' title='bbox 330 2657 653 2756; x_wconf 64' lang='grc' dir='ltr'>Ειι61ιιιςιιιιιι1ι,</span> <span class='ocrx_word' id='word_1_191' title='bbox 609 2680 635 2718; x_wconf 89' lang='lat' dir='ltr'>c.</span> <span class='ocrx_word' id='word_1_192' title='bbox 687 2655 776 2717; x_wconf 68' lang='lat' dir='ltr'>sede</span> <span class='ocrx_word' id='word_1_193' title='bbox 774 2660 922 2735; x_wconf 76' lang='lat' dir='ltr'>quaeatt</span> <span class='ocrx_word' id='word_1_194' title='bbox 894 2655 1043 2717; x_wconf 92' lang='lat' dir='ltr'>utltio</span> <span class='ocrx_word' id='word_1_195' title='bbox 1010 2661 1187 2736; x_wconf 83' lang='lat' dir='ltr'>tot1-ep1e</span> 
     </span>
     <span class='ocr_line' id='line_1_28' title="bbox 18 2678 1188 2824; baseline -0.002 -17"><span class='ocrx_word' id='word_1_196' title='bbox 18 2747 175 2809; x_wconf 90' lang='lat' dir='ltr'>sensionis</span> <span class='ocrx_word' id='word_1_197' title='bbox 199 2767 294 2807; x_wconf 88' lang='lat' dir='ltr'>ansas</span> <span class='ocrx_word' id='word_1_198' title='bbox 319 2745 493 2808; x_wconf 88' lang='lat' dir='ltr'>habentut</span> <span class='ocrx_word' id='word_1_199' title='bbox 457 2746 562 2807; x_wconf 89' lang='lat' dir='ltr'>utvix</span> <span class='ocrx_word' id='word_1_200' title='bbox 579 2706 682 2807; x_wconf 84' lang='lat' dir='ltr'>alteia</span> <span class='ocrx_word' id='word_1_201' title='bbox 698 2678 893 2822; x_wconf 80' lang='grc' dir='ltr'>ιιιιιιιιιιιιιι</span> <span class='ocrx_word' id='word_1_202' title='bbox 859 2743 926 2805; x_wconf 86' lang='lat' dir='ltr'>aio</span> <span class='ocrx_word' id='word_1_203' title='bbox 944 2764 1045 2824; x_wconf 90' lang='lat' dir='ltr'>eaque</span> <span class='ocrx_word' id='word_1_204' title='bbox 1060 2744 1188 2806; x_wconf 88' lang='lat' dir='ltr'>ratione</span> 
     </span>
     <span class='ocr_line' id='line_1_29' title="bbox 18 2818 1187 2919; baseline -0.002 -23"><span class='ocrx_word' id='word_1_205' title='bbox 18 2819 159 2915; x_wconf 89' lang='lat' dir='ltr'>quadam</span> <span class='ocrx_word' id='word_1_206' title='bbox 202 2838 318 2897; x_wconf 87' lang='lat' dir='ltr'>ornata</span> <span class='ocrx_word' id='word_1_207' title='bbox 349 2855 589 2915; x_wconf 90' lang='lat' dir='ltr'>supervacanea</span> <span class='ocrx_word' id='word_1_208' title='bbox 624 2834 679 2896; x_wconf 90' lang='lat' dir='ltr'>sit:</span> <span class='ocrx_word' id='word_1_209' title='bbox 719 2830 818 2919; x_wconf 34' lang='lat' dir='ltr'>Nam.</span> <span class='ocrx_word' id='word_1_210' title='bbox 836 2818 966 2912; x_wconf 85' lang='lat' dir='ltr'>praeter</span> <span class='ocrx_word' id='word_1_211' title='bbox 997 2832 1187 2905; x_wconf 82' lang='lat' dir='ltr'>manifestos</span> 
     </span>
     <span class='ocr_line' id='line_1_30' title="bbox 19 2919 1185 3006; baseline -0.003 -21"><span class='ocrx_word' id='word_1_212' title='bbox 19 2944 144 2987; x_wconf 88' lang='lat' dir='ltr'>errores</span> <span class='ocrx_word' id='word_1_213' title='bbox 168 2920 362 3006; x_wconf 83' lang='lat' dir='ltr'>mendaque,</span> <span class='ocrx_word' id='word_1_214' title='bbox 395 2944 531 3003; x_wconf 87' lang='lat' dir='ltr'>quorum</span> <span class='ocrx_word' id='word_1_215' title='bbox 562 2928 690 3004; x_wconf 90' lang='lat' dir='ltr'>partem</span> <span class='ocrx_word' id='word_1_216' title='bbox 711 2921 846 3003; x_wconf 88' lang='lat' dir='ltr'>jamjam</span> <span class='ocrx_word' id='word_1_217' title='bbox 870 2919 1031 2984; x_wconf 88' lang='lat' dir='ltr'>Neussius</span> <span class='ocrx_word' id='word_1_218' title='bbox 1053 2920 1185 2997; x_wconf 85' lang='lat' dir='ltr'>detexit,</span> 
     </span>
     <span class='ocr_line' id='line_1_31' title="bbox 20 3010 1185 3094; baseline -0.003 -20"><span class='ocrx_word' id='word_1_219' title='bbox 20 3011 86 3075; x_wconf 89' lang='lat' dir='ltr'>alia</span> <span class='ocrx_word' id='word_1_220' title='bbox 102 3034 185 3094; x_wconf 90' lang='lat' dir='ltr'>quae</span> <span class='ocrx_word' id='word_1_221' title='bbox 208 3013 241 3075; x_wconf 94' lang='lat' dir='ltr'>in</span> <span class='ocrx_word' id='word_1_222' title='bbox 265 3033 301 3075; x_wconf 93' lang='lat' dir='ltr'>eo</span> <span class='ocrx_word' id='word_1_223' title='bbox 325 3033 440 3094; x_wconf 81' lang='lat' dir='ltr'>genere</span> <span class='ocrx_word' id='word_1_224' title='bbox 463 3011 687 3075; x_wconf 88' lang='lat' dir='ltr'>memorabilia</span> <span class='ocrx_word' id='word_1_225' title='bbox 711 3011 744 3073; x_wconf 92' lang='lat' dir='ltr'>in</span> <span class='ocrx_word' id='word_1_226' title='bbox 775 3010 973 3086; x_wconf 81' lang='lat' dir='ltr'>carminibus</span> <span class='ocrx_word' id='word_1_227' title='bbox 997 3010 1041 3074; x_wconf 94' lang='lat' dir='ltr'><strong>H.</strong></span> <span class='ocrx_word' id='word_1_228' title='bbox 1068 3010 1185 3088; x_wconf 91' lang='lat' dir='ltr'>insunt,</span> 
     </span>
     <span class='ocr_line' id='line_1_32' title="bbox 18 3101 271 3182; baseline 0.016 -20"><span class='ocrx_word' id='word_1_229' title='bbox 18 3101 114 3182; x_wconf 90' lang='lat' dir='ltr'>plane</span> <span class='ocrx_word' id='word_1_230' title='bbox 139 3102 271 3166; x_wconf 89' lang='lat' dir='ltr'>omittit.</span> 
     </span>
    </p>
   </div>
   <div class='ocr_carea' id='block_1_7' title="bbox 18 3206 1204 3828">
    <p class='ocr_par' dir='ltr' id='par_1_11' title="bbox 18 3206 1204 3828">
     <span class='ocr_line' id='line_1_33' title="bbox 106 3206 1185 3291; baseline -0.002 -21"><span class='ocrx_word' id='word_1_231' title='bbox 106 3209 159 3270; x_wconf 87' lang='lat' dir='ltr'>Hx</span> <span class='ocrx_word' id='word_1_232' title='bbox 183 3215 278 3291; x_wconf 88' lang='lat' dir='ltr'>parte</span> <span class='ocrx_word' id='word_1_233' title='bbox 301 3209 398 3272; x_wconf 89' lang='lat' dir='ltr'>etiam</span> <span class='ocrx_word' id='word_1_234' title='bbox 415 3207 575 3272; x_wconf 83' lang='lat' dir='ltr'>Ulricus</span> <span class='ocrx_word' id='word_1_235' title='bbox 599 3208 633 3270; x_wconf 91' lang='lat' dir='ltr'>in</span> <span class='ocrx_word' id='word_1_236' title='bbox 658 3207 925 3271; x_wconf 86' lang='lat' dir='ltr'>commentatione</span> <span class='ocrx_word' id='word_1_237' title='bbox 950 3228 1009 3270; x_wconf 90' lang='lat' dir='ltr'>sua</span> <span class='ocrx_word' id='word_1_238' title='bbox 1032 3206 1094 3286; x_wconf 88' lang='lat' dir='ltr'>„de</span> <span class='ocrx_word' id='word_1_239' title='bbox 1118 3226 1185 3268; x_wconf 88' lang='lat' dir='ltr'>ver·</span> 
     </span>
     <span class='ocr_line' id='line_1_34' title="bbox 18 3295 1204 3380; baseline -0.003 -21"><span class='ocrx_word' id='word_1_240' title='bbox 18 3296 134 3360; x_wconf 89' lang='lat' dir='ltr'>borum</span> <span class='ocrx_word' id='word_1_241' title='bbox 151 3319 307 3380; x_wconf 89' lang='lat' dir='ltr'>composs.</span> <span class='ocrx_word' id='word_1_242' title='bbox 332 3318 415 3378; x_wconf 91' lang='lat' dir='ltr'>quae</span> <span class='ocrx_word' id='word_1_243' title='bbox 439 3304 510 3359; x_wconf 89' lang='lat' dir='ltr'>exst</span> <span class='ocrx_word' id='word_1_244' title='bbox 513 3319 553 3360; x_wconf 90' lang='lat' dir='ltr'>an</span> <span class='ocrx_word' id='word_1_245' title='bbox 556 3297 672 3379; x_wconf 90' lang='lat' dir='ltr'>tapud</span> <span class='ocrx_word' id='word_1_246' title='bbox 689 3295 843 3359; x_wconf 88' lang='lat' dir='ltr'>Plautum</span> <span class='ocrx_word' id='word_1_247' title='bbox 868 3302 973 3360; x_wconf 89' lang='lat' dir='ltr'>struet</span> <span class='ocrx_word' id='word_1_248' title='bbox 960 3299 1054 3359; x_wconf 60' lang='grc' dir='ltr'>ιιιιια</span> <span class='ocrx_word' id='word_1_249' title='bbox 1081 3299 1184 3379; x_wconf 83' lang='lat' dir='ltr'>(prgr.</span> <span class='ocrx_word' id='word_1_250' title='bbox 1202 3351 1204 3355; x_wconf 76' lang='grc'>,</span> 
     </span>
     <span class='ocr_line' id='line_1_35' title="bbox 20 3384 1184 3468; baseline -0.002 -21"><span class='ocrx_word' id='word_1_251' title='bbox 20 3386 120 3448; x_wconf 90' lang='lat' dir='ltr'>schol.</span> <span class='ocrx_word' id='word_1_252' title='bbox 137 3386 186 3450; x_wconf 89' lang='lat' dir='ltr'>lat</span> <span class='ocrx_word' id='word_1_253' title='bbox 190 3387 292 3450; x_wconf 87' lang='lat' dir='ltr'><strong>.·Hal.</strong></span> <span class='ocrx_word' id='word_1_254' title='bbox 311 3389 367 3467; x_wconf 89' lang='grc'>80)</span> <span class='ocrx_word' id='word_1_255' title='bbox 392 3407 430 3453; x_wconf 92' lang='lat' dir='ltr'>ea</span> <span class='ocrx_word' id='word_1_256' title='bbox 453 3407 534 3467; x_wconf 88' lang='lat' dir='ltr'>quae</span> <span class='ocrx_word' id='word_1_257' title='bbox 559 3386 647 3468; x_wconf 88' lang='lat' dir='ltr'>apud</span> <span class='ocrx_word' id='word_1_258' title='bbox 663 3386 841 3449; x_wconf 87' lang='lat' dir='ltr'>Horatium</span> <span class='ocrx_word' id='word_1_259' title='bbox 865 3391 994 3449; x_wconf 86' lang='lat' dir='ltr'>exstant</span> <span class='ocrx_word' id='word_1_260' title='bbox 1018 3384 1184 3448; x_wconf 89' lang='lat' dir='ltr'>tractavit.</span> 
     </span>
     <span class='ocr_line' id='line_1_36' title="bbox 20 3472 1187 3558; baseline -0.004 -20"><span class='ocrx_word' id='word_1_261' title='bbox 20 3472 83 3538; x_wconf 79' lang='lat' dir='ltr'>Sed</span> <span class='ocrx_word' id='word_1_262' title='bbox 119 3497 158 3538; x_wconf 93' lang='lat' dir='ltr'>ne</span> <span class='ocrx_word' id='word_1_263' title='bbox 194 3497 230 3538; x_wconf 88' lang='lat' dir='ltr'>ea</span> <span class='ocrx_word' id='word_1_264' title='bbox 259 3475 389 3558; x_wconf 90' lang='lat' dir='ltr'>quidem</span> <span class='ocrx_word' id='word_1_265' title='bbox 420 3474 547 3538; x_wconf 88' lang='lat' dir='ltr'>abunde</span> <span class='ocrx_word' id='word_1_266' title='bbox 571 3497 670 3557; x_wconf 85' lang='lat' dir='ltr'>quaes</span> <span class='ocrx_word' id='word_1_267' title='bbox 673 3475 752 3538; x_wconf 90' lang='lat' dir='ltr'>tioni</span> <span class='ocrx_word' id='word_1_268' title='bbox 777 3475 992 3538; x_wconf 80' lang='lat' dir='ltr'>satisfaciunt.</span> <span class='ocrx_word' id='word_1_269' title='bbox 970 3473 1127 3537; x_wconf 89' lang='lat' dir='ltr'>tNam</span> <span class='ocrx_word' id='word_1_270' title='bbox 1150 3479 1187 3534; x_wconf 87' lang='lat' dir='ltr'>ut</span> 
     </span>
     <span class='ocr_line' id='line_1_37' title="bbox 18 3563 1186 3646; baseline -0.002 -22"><span class='ocrx_word' id='word_1_271' title='bbox 18 3565 204 3627; x_wconf 88' lang='lat' dir='ltr'>accuratius</span> <span class='ocrx_word' id='word_1_272' title='bbox 228 3564 268 3628; x_wconf 93' lang='lat' dir='ltr'>de</span> <span class='ocrx_word' id='word_1_273' title='bbox 291 3564 446 3627; x_wconf 88' lang='lat' dir='ltr'>Plautino</span> <span class='ocrx_word' id='word_1_274' title='bbox 471 3586 532 3627; x_wconf 92' lang='lat' dir='ltr'>usu</span> <span class='ocrx_word' id='word_1_275' title='bbox 553 3571 681 3646; x_wconf 83' lang='lat' dir='ltr'>ageret,</span> <span class='ocrx_word' id='word_1_276' title='bbox 715 3565 813 3627; x_wconf 87' lang='lat' dir='ltr'>etiam</span> <span class='ocrx_word' id='word_1_277' title='bbox 845 3585 883 3626; x_wconf 81' lang='lat' dir='ltr'>ex</span> <span class='ocrx_word' id='word_1_278' title='bbox 915 3564 988 3626; x_wconf 90' lang='lat' dir='ltr'>aliis</span> <span class='ocrx_word' id='word_1_279' title='bbox 1019 3563 1123 3644; x_wconf 89' lang='lat' dir='ltr'>poetis</span> <span class='ocrx_word' id='word_1_280' title='bbox 1148 3581 1186 3622; x_wconf 91' lang='lat' dir='ltr'>ea</span> 
     </span>
     <span class='ocr_line' id='line_1_38' title="bbox 18 3652 1184 3738; baseline -0.003 -25"><span class='ocrx_word' id='word_1_281' title='bbox 18 3652 125 3734; x_wconf 79' lang='lat' dir='ltr'>elegit,</span> <span class='ocrx_word' id='word_1_282' title='bbox 151 3674 234 3734; x_wconf 88' lang='lat' dir='ltr'>quae</span> <span class='ocrx_word' id='word_1_283' title='bbox 258 3654 492 3735; x_wconf 86' lang='lat' dir='ltr'>comparationi</span> <span class='ocrx_word' id='word_1_284' title='bbox 515 3659 594 3738; x_wconf 91' lang='lat' dir='ltr'>apta</span> <span class='ocrx_word' id='word_1_285' title='bbox 615 3659 762 3738; x_wconf 85' lang='lat' dir='ltr'>putaret:</span> <span class='ocrx_word' id='word_1_286' title='bbox 789 3658 824 3714; x_wconf 90' lang='lat' dir='ltr'>at</span> <span class='ocrx_word' id='word_1_287' title='bbox 847 3652 1070 3715; x_wconf 89' lang='lat' dir='ltr'>Horatianum</span> <span class='ocrx_word' id='word_1_288' title='bbox 1093 3670 1184 3712; x_wconf 90' lang='lat' dir='ltr'>usum</span> 
     </span>
     <span class='ocr_line' id='line_1_39' title="bbox 21 3740 1002 3828; baseline -0.001 -26"><span class='ocrx_word' id='word_1_289' title='bbox 21 3740 211 3822; x_wconf 82' lang='lat' dir='ltr'>diligentius</span> <span class='ocrx_word' id='word_1_290' title='bbox 234 3763 336 3828; x_wconf 91' lang='lat' dir='ltr'>neque</span> <span class='ocrx_word' id='word_1_291' title='bbox 360 3743 566 3824; x_wconf 83' lang='lat' dir='ltr'>investigavit</span> <span class='ocrx_word' id='word_1_292' title='bbox 590 3764 647 3823; x_wconf 85' lang='lat' dir='ltr'>nec</span> <span class='ocrx_word' id='word_1_293' title='bbox 671 3741 773 3826; x_wconf 86' lang='lat' dir='ltr'>voluit</span> <span class='ocrx_word' id='word_1_294' title='bbox 796 3741 1002 3820; x_wconf 87' lang='lat' dir='ltr'>investigare.</span> 
     </span>
    </p>
   </div>
   <div class='ocr_carea' id='block_1_8' title="bbox 17 3843 1186 4464">
    <p class='ocr_par' dir='ltr' id='par_1_12' title="bbox 17 3843 1186 4464">
     <span class='ocr_line' id='line_1_40' title="bbox 107 3843 1186 3931; baseline -0.002 -22"><span class='ocrx_word' id='word_1_295' title='bbox 107 3846 220 3910; x_wconf 81' lang='lat' dir='ltr'>Tertia</span> <span class='ocrx_word' id='word_1_296' title='bbox 243 3848 430 3931; x_wconf 90' lang='lat' dir='ltr'>hujusmodi</span> <span class='ocrx_word' id='word_1_297' title='bbox 455 3849 683 3911; x_wconf 89' lang='lat' dir='ltr'>commentatio</span> <span class='ocrx_word' id='word_1_298' title='bbox 707 3845 839 3908; x_wconf 89' lang='lat' dir='ltr'>Dittelii</span> <span class='ocrx_word' id='word_1_299' title='bbox 867 3851 927 3924; x_wconf 88' lang='lat' dir='ltr'>est,</span> <span class='ocrx_word' id='word_1_300' title='bbox 957 3845 1012 3926; x_wconf 94' lang='lat' dir='ltr'>qui</span> <span class='ocrx_word' id='word_1_301' title='bbox 1041 3843 1119 3924; x_wconf 90' lang='lat' dir='ltr'>quia</span> <span class='ocrx_word' id='word_1_302' title='bbox 1146 3844 1186 3907; x_wconf 88' lang='lat' dir='ltr'>de</span> 
     </span>
     <span class='ocr_line' id='line_1_41' title="bbox 19 3932 1185 4015; baseline -0.002 -17"><span class='ocrx_word' id='word_1_303' title='bbox 19 3936 86 3998; x_wconf 90' lang='lat' dir='ltr'>dat&#39;</span> <span class='ocrx_word' id='word_1_304' title='bbox 63 3937 121 3998; x_wconf 85' lang='lat' dir='ltr'>rtvi</span> <span class='ocrx_word' id='word_1_305' title='bbox 154 3957 215 3998; x_wconf 89' lang='lat' dir='ltr'>usu</span> <span class='ocrx_word' id='word_1_306' title='bbox 244 3937 343 4000; x_wconf 86' lang='lat' dir='ltr'>verba</span> <span class='ocrx_word' id='word_1_307' title='bbox 372 3937 463 4015; x_wconf 85' lang='lat' dir='ltr'>facit,</span> <span class='ocrx_word' id='word_1_308' title='bbox 497 3938 594 3999; x_wconf 90' lang='lat' dir='ltr'>etiam</span> <span class='ocrx_word' id='word_1_309' title='bbox 625 3935 878 4015; x_wconf 87' lang='lat' dir='ltr'>compositorum</span> <span class='ocrx_word' id='word_1_310' title='bbox 909 3940 995 3996; x_wconf 89' lang='lat' dir='ltr'>recte</span> <span class='ocrx_word' id='word_1_311' title='bbox 1025 3932 1185 3996; x_wconf 86' lang='lat' dir='ltr'>rationem</span> 
     </span>
     <span class='ocr_line' id='line_1_42' title="bbox 18 3985 1184 4107; baseline -0.004 -19"><span class='ocrx_word' id='word_1_312' title='bbox 18 4025 173 4088; x_wconf 90' lang='lat' dir='ltr'>habetet</span> <span class='ocrx_word' id='word_1_313' title='bbox 141 4031 369 4107; x_wconf 88' lang='lat' dir='ltr'>etpropterea</span> <span class='ocrx_word' id='word_1_314' title='bbox 392 3985 480 4088; x_wconf 80' lang='lat' dir='ltr'>loods</span> <span class='ocrx_word' id='word_1_315' title='bbox 504 4045 624 4104; x_wconf 89' lang='lat' dir='ltr'>,omues</span> <span class='ocrx_word' id='word_1_316' title='bbox 649 4023 690 4086; x_wconf 86' lang='lat' dir='ltr'>ad</span> <span class='ocrx_word' id='word_1_317' title='bbox 720 4044 841 4086; x_wconf 91' lang='lat' dir='ltr'>unnum</span> <span class='ocrx_word' id='word_1_318' title='bbox 845 4019 934 4107; x_wconf 72' lang='grc' dir='ltr'>’(Ρ),</span> <span class='ocrx_word' id='word_1_319' title='bbox 967 4022 1065 4085; x_wconf 91' lang='lat' dir='ltr'>ubit</span> <span class='ocrx_word' id='word_1_320' title='bbox 1052 4026 1117 4083; x_wconf 89' lang='lat' dir='ltr'>tert</span> <span class='ocrx_word' id='word_1_321' title='bbox 1119 4021 1184 4084; x_wconf 93' lang='lat' dir='ltr'>ium</span> 
     </span>
     <span class='ocr_line' id='line_1_43' title="bbox 18 4109 1185 4195; baseline -0.003 -18"><span class='ocrx_word' id='word_1_322' title='bbox 18 4135 129 4177; x_wconf 88' lang='lat' dir='ltr'>casum</span> <span class='ocrx_word' id='word_1_323' title='bbox 160 4114 410 4195; x_wconf 84' lang='lat' dir='ltr'>intellegendum</span> <span class='ocrx_word' id='word_1_324' title='bbox 439 4120 506 4195; x_wconf 92' lang='lat' dir='ltr'>put</span> <span class='ocrx_word' id='word_1_325' title='bbox 486 4113 593 4193; x_wconf 91' lang='lat' dir='ltr'>atbat,</span> <span class='ocrx_word' id='word_1_326' title='bbox 628 4112 766 4193; x_wconf 84' lang='lat' dir='ltr'>collegi.</span> <span class='ocrx_word' id='word_1_327' title='bbox 814 4109 920 4192; x_wconf 77' lang='lat' dir='ltr'>Qua</span> <span class='ocrx_word' id='word_1_328' title='bbox 911 4133 945 4174; x_wconf 93' lang='lat' dir='ltr'>m</span> <span class='ocrx_word' id='word_1_329' title='bbox 968 4132 1002 4173; x_wconf 90' lang='lat' dir='ltr'>re</span> <span class='ocrx_word' id='word_1_330' title='bbox 1025 4113 1097 4173; x_wconf 87' lang='lat' dir='ltr'>eum</span> <span class='ocrx_word' id='word_1_331' title='bbox 1121 4131 1185 4173; x_wconf 91' lang='lat' dir='ltr'>nou</span> 
     </span>
     <span class='ocr_line' id='line_1_44' title="bbox 19 4162 1184 4284; baseline -0.003 -19"><span class='ocrx_word' id='word_1_332' title='bbox 19 4203 122 4266; x_wconf 92' lang='lat' dir='ltr'>solum</span> <span class='ocrx_word' id='word_1_333' title='bbox 150 4203 333 4284; x_wconf 89' lang='lat' dir='ltr'>aliquoties·</span> <span class='ocrx_word' id='word_1_334' title='bbox 353 4223 477 4266; x_wconf 86' lang='lat' dir='ltr'>errasse</span> <span class='ocrx_word' id='word_1_335' title='bbox 505 4202 591 4265; x_wconf 89' lang='lat' dir='ltr'>infra</span> <span class='ocrx_word' id='word_1_336' title='bbox 615 4162 809 4279; x_wconf 77' lang='lat' dir='ltr'>videbimus,</span> <span class='ocrx_word' id='word_1_337' title='bbox 841 4199 898 4266; x_wconf 90' lang='lat' dir='ltr'>sed</span> <span class='ocrx_word' id='word_1_338' title='bbox 922 4199 1019 4263; x_wconf 88' lang='lat' dir='ltr'>etiam</span> <span class='ocrx_word' id='word_1_339' title='bbox 1040 4204 1184 4280; x_wconf 89' lang='grc' dir='ltr'>,ιιιι6ι6ι-</span> 
     </span>
     <span class='ocr_line' id='line_1_45' title="bbox 17 4289 1184 4374; baseline -0.001 -20"><span class='ocrx_word' id='word_1_340' title='bbox 17 4292 118 4372; x_wconf 86' lang='lat' dir='ltr'>misit,</span> <span class='ocrx_word' id='word_1_341' title='bbox 155 4291 242 4374; x_wconf 92' lang='lat' dir='ltr'>quod</span> <span class='ocrx_word' id='word_1_342' title='bbox 274 4313 293 4354; x_wconf 91' lang='lat' dir='ltr'>a</span> <span class='ocrx_word' id='word_1_343' title='bbox 323 4312 358 4354; x_wconf 90' lang='lat' dir='ltr'>re</span> <span class='ocrx_word' id='word_1_344' title='bbox 388 4292 558 4373; x_wconf 89' lang='lat' dir='ltr'>proposita</span> <span class='ocrx_word' id='word_1_345' title='bbox 590 4290 803 4370; x_wconf 78' lang='lat' dir='ltr'>disjunctione</span> <span class='ocrx_word' id='word_1_346' title='bbox 838 4294 946 4368; x_wconf 84' lang='lat' dir='ltr'>erant,</span> <span class='ocrx_word' id='word_1_347' title='bbox 984 4310 1021 4351; x_wconf 92' lang='lat' dir='ltr'>ea</span> <span class='ocrx_word' id='word_1_348' title='bbox 1056 4289 1184 4352; x_wconf 90' lang='lat' dir='ltr'>omuino</span> 
     </span>
     <span class='ocr_line' id='line_1_46' title="bbox 19 4376 1186 4464; baseline -0.001 -20"><span class='ocrx_word' id='word_1_349' title='bbox 19 4381 174 4464; x_wconf 85' lang='lat' dir='ltr'>exempla,</span> <span class='ocrx_word' id='word_1_350' title='bbox 200 4382 233 4442; x_wconf 92' lang='grc' dir='ltr'>ιιι</span> <span class='ocrx_word' id='word_1_351' title='bbox 257 4381 375 4462; x_wconf 86' lang='lat' dir='ltr'>quibus</span> <span class='ocrx_word' id='word_1_352' title='bbox 399 4387 456 4443; x_wconf 91' lang='lat' dir='ltr'>aut</span> <span class='ocrx_word' id='word_1_353' title='bbox 481 4380 645 4443; x_wconf 88' lang='lat' dir='ltr'>ablativus</span> <span class='ocrx_word' id='word_1_354' title='bbox 669 4385 727 4442; x_wconf 89' lang='lat' dir='ltr'>aut</span> <span class='ocrx_word' id='word_1_355' title='bbox 750 4379 953 4446; x_wconf 86' lang='lat' dir='ltr'>accusativus</span> <span class='ocrx_word' id='word_1_356' title='bbox 974 4382 1032 4440; x_wconf 89' lang='lat' dir='ltr'>aut</span> <span class='ocrx_word' id='word_1_357' title='bbox 1048 4376 1186 4460; x_wconf 88' lang='lat' dir='ltr'>denique</span> 
     </span>
    </p>
   </div>
   <div class='ocr_carea' id='block_1_9' title="bbox 0 0 1564 4838">
    <p class='ocr_par' dir='ltr' id='par_1_13' title="bbox 0 0 1564 4838">
     <span class='ocr_line' id='line_1_47' title="bbox 0 0 1564 4838; baseline 0 0"><span class='ocrx_word' id='word_1_358' title='bbox 0 0 1564 4838; x_wconf 95' lang='lat' dir='ltr'> </span> 
     </span>
    </p>
   </div>
  </div>
 </body>
</html>
