3120 4838
799 176 844 239 40

181 376 293 472 objici
324 376 448 448 debet.
494 377 588 449 Nam
617 393 656 448 et
684 374 774 450 alias
801 401 950 472 semper
977 376 1035 448 rei·
1059 377 1236 449 metricae
1266 378 1477 473 scriptores

183 503 406 577 inventorum
427 504 630 577 nominibus
650 504 794 601 singula
813 520 931 577 metra
949 503 1189 600 appellarunt,
1209 523 1248 577 ut
1268 532 1348 578 cum
1369 504 1479 580 aliter

180 631 380 726 aliquando
400 632 535 705 sactum
565 650 678 722 esset,
710 633 747 705 id
776 633 923 705 disertis
950 633 1071 704 verbis
1100 651 1303 721 monerent,
1334 651 1374 707 et
1392 653 1479 709 toto

180 783 346 832 connexu
366 759 592 856 aliorumque
619 759 783 833 locorum
812 761 1037 833 similitudine
1065 761 1179 833 omnis
1205 762 1254 832 de
1275 760 1478 837 Diomedis

180 888 362 961 sententia
403 887 580 961 dubitatio
616 887 762 961 tollitur.
828 888 910 959 Nec
944 889 1055 961 Caes.
1093 890 1197 961 Bass,
1239 912 1352 982 259‚4
1391 918 1479 966 cum

180 1016 228 1087 de
254 1013 443 1112 glyconeo
472 1032 510 1088 et
537 1015 781 1112 asclepiadeo
816 1042 933 1112 agens
962 1019 1052 1088 haec
1082 1016 1239 1090 diceret:
1274 1018 1372 1090 »hoc
1402 1047 1478 1093 me·

179 1160 272 1215 trum
306 1143 567 1216 incrementum
590 1144 694 1239 cepit
722 1160 758 1215 et
785 1159 900 1215 totum
930 1145 976 1216 ab
1004 1145 1147 1218 Alcaeo
1185 1161 1376 1219 tractatum
1416 1166 1479 1221 est

180 1287 219 1343 et
253 1273 300 1343 ab
337 1271 494 1344 Horatio
537 1288 686 1345 nostro«
726 1273 772 1344 de
812 1273 996 1368 utriusque
1033 1299 1161 1345 versus
1204 1275 1478 1370 compositione

180 1400 297 1495 magis
335 1425 444 1495 quam
477 1401 525 1472 de
557 1401 778 1497 singulorum
814 1399 1033 1474 formatione
1068 1403 1256 1497 cogitasse
1289 1407 1478 1498 putandus

181 1543 247 1599 est.
303 1526 428 1618 Quare
471 1527 606 1623 injuria.
639 1527 836 1624 Westphal
872 1531 898 1600 ll
933 1535 1005 1622 763
1044 1555 1117 1602 non
1157 1528 1321 1626 singulos
1362 1533 1479 1605 modo

181 1679 309 1728 versus
348 1655 415 1729 sed
450 1670 565 1728 totum
602 1671 755 1729 metrum
790 1656 937 1730 Alcaeo
976 1658 1113 1737 tribuit:
1152 1660 1253 1753 quod
1281 1684 1371 1731 vcro
1400 1660 1479 1734 duo

183 1782 312 1856 Alcaei
341 1800 380 1856 et
403 1784 577 1881 Sapphus
604 1785 810 1883 fragmenta
830 1785 955 1875 affert,
981 1812 1077 1882 quae
1098 1802 1225 1859 nostro
1246 1804 1365 1860 metro
1387 1813 1478 1862 con-

184 1912 318 2007 scripta
347 1938 433 1987 esse
464 1914 644 2008 opinetur,
670 1913 799 1986 Alcaei
828 1914 867 1984 fr.
899 1917 942 1985 81
978 1940 999 1986 e
1028 1915 1069 1987 fr.
1101 1937 1147 2007 33
1170 1914 1413 2002 similitudine,
1442 1936 1484 1992 ut

182 2040 328 2138 integer
353 2067 483 2115 versus
511 2043 666 2131 evadat,
695 2043 746 2113 ita
774 2042 897 2136 potius
926 2040 1146 2138 explendum
1174 2060 1252 2116 est:

395 2176 463 2241 νῦν
490 2169 520 2239 ‹l'
535 2207 588 2284 Ῑ
617 2216 668 2224 -
690 2198 735 2241 νυ
756 2164 809 2235 l-
838 2161 944 2254 οὖτος
963 2173 1140 2264 ἐπικρέτει

395 2313 542 2405 κινήσας
565 2314 629 2385 τόν
648 2311 705 2385 ἀπ’
727 2311 814 2409 'ipae
833 2313 984 2384 πύκινον
1008 2317 1110 2384 λίθον

184 2457 223 2514 et
249 2440 494 2537 Sapph.sr.56,
522 2441 556 2512 in
576 2442 695 2536 Etym.
715 2442 854 2538 Magno
882 2442 915 2513 in
936 2467 1071 2537 prosae
1100 2442 1275 2514 orationis
1307 2443 1486 2519 ordinem

183 2571 338 2641 redacto
380 2568 613 2641 Hermannus
653 2569 837 2664 poeticum
880 2566 1039 2643 colorem
1085 2570 1275 2666 ingeniose
1317 2571 1487 2647 reddidit

182 2697 365 2772 scribens:

396 2842 498 2917 φαῖσι
526 2826 569 2918 δή
596 2824 677 2897 ποθ’
704 2823 761 2897 ὑπ’
789 2823 933 2898 ἀνθέων
959 2822 1180 2897 ὑακινθίνων

288 3081 458 3176 Denique
486 3081 714 3158 undecimum
749 3098 901 3154 metrum
935 3082 1145 3176 epodicum‚
1189 3106 1263 3177 quo
1301 3080 1485 3163 Horatius

182 3233 268 3280 usus
298 3226 356 3280 est
382 3209 416 3280 in
443 3235 472 3281 c.
497 3210 566 3297 18,
597 3211 643 3280 ab
672 3210 754 3305 ipso
782 3211 963 3282 inventum
991 3227 1066 3306 est3
1097 3236 1181 3282 nam
1206 3210 1369 3304 priorem
1397 3204 1486 3285 uer-¹

181 3363 259 3410 sum
281 3337 327 3408 ab
346 3335 492 3410 Alcaeo
513 3330 696 3411 mutuatus
717 3355 784 3423 est,
805 3352 998 3433 posterum
1018 3341 1066 3410 de
1086 3363 1155 3410 suo
1172 3337 1323 3410 addidit.
1340 3339 1387 3410 cf.
1405 3344 1425 3435 ξ
1442 3366 1482 3432 4.

288 3464 394 3536 Haec
423 3483 507 3539 sunt
526 3465 671 3538 Horatii
690 3482 809 3538 metra
837 3465 1006 3560 epodica.
1054 3467 1135 3538 Nec
1156 3465 1327 3561 profecto
1347 3466 1481 3562 negle-

180 3593 344 3689 gendum
377 3607 435 3665 est
463 3594 566 3689 quod
599 3593 770 3666 effecisse
800 3593 884 3666 mihi
912 3592 1065 3683 videor,
1108 3594 1236 3666 horum
1273 3619 1294 3664 e
1322 3620 1483 3672 numero

181 3745 289 3792 unum
317 3721 364 3793 ab
384 3718 651 3806 Alexandrinis
682 3748 749 3795 sex
776 3722 823 3794 ab
843 3720 1066 3794 Archilocho
1095 3736 1246 3817 poetam
1273 3738 1481 3800 mutuatum

182 3874 286 3934 esse,
329 3865 505 3944 quattuor
544 3849 662 3945 ipsum
703 3849 860 3922 linxisse.
926 3847 1056 3922 Alcaei
1096 3849 1349 3935 imitationem,
1392 3878 1480 3928 curn

181 3973 286 4048 aliter
312 4002 430 4074 saepe
456 3980 523 4053 viri
552 3978 655 4052 docti
676 3977 929 4074 judicaverint,
957 3977 1128 4072 equidem
1157 3978 1192 4048 in
1219 3977 1275 4049 his
1304 3979 1480 4056 omnibus

142 4183 145 4189 ,
180 4104 397 4179 carminibus
426 4134 507 4182 eam
536 4107 649 4180 modo
689 4107 924 4205 investigavi,
963 4131 1036 4200 qna
1070 4103 1234 4200 singulos
1267 4130 1396 4180 versus
1428 4113 1479 4184 ab

181 4259 227 4306 eo
242 4234 417 4309 Horatius
435 4239 639 4333 petiverat3
668 4237 704 4309 in
724 4236 923 4309 carminum
942 4234 1183 4330 epodicorum
1200 4235 1477 4329 compositione

180 4390 264 4436 eum
290 4390 361 4438 non
389 4381 538 4439 secutus
569 4381 637 4439 est:

283 4495 404 4590 Pergo
433 4493 480 4568 ad
501 4495 754 4594 quaestionem
773 4494 941 4583 omnium,
969 4518 1062 4593 quas
1082 4490 1291 4566 tractandas
1312 4499 1476 4597 suscepi
