3120 4838
637 262 847 324 ..15„.

267 427 347 492 dam
366 426 500 510 utquid
523 447 583 510 ego
606 426 645 492 de
667 427 727 493 hac
750 450 785 493 re
806 430 943 494 sentiam
965 449 1131 513 exponam,
1154 430 1230 513 quin
1252 429 1319 494 Lu·

165 536 275 599 cianus
304 533 478 600 Horatium
509 536 641 613 noverit,
675 557 739 601 non
773 536 904 602 dubium
930 538 1008 602 mihi
1041 537 1182 617 videtur3
1215 558 1320 620 neque

165 651 272 708 tamen
294 643 367 709 inde
390 644 542 727 sequitur,
564 650 600 709 ut
618 666 689 710 eum
709 646 851 710 imitatus
867 647 915 725 sit,
940 645 1026 728 quod
1042 647 1144 730 ipsum
1161 646 1320 711 nonsatis

166 750 314 817 credibile
340 752 473 833 videtur,
502 759 673 837 propterea
702 753 786 837 quod
808 753 925 821 Graeci
957 756 990 818 in
1019 754 1132 820 litteris
1154 754 1321 820 Romanos

169 881 320 944 spernere
343 859 497 927 solebant.
540 858 628 925 Num
647 861 826 946 Menippus,
856 864 945 928 ouius
964 861 1069 927 studia
1088 883 1185 946 supra
1210 861 1321 926 adum·

165 969 335 1051 bravimus,
359 969 533 1033 communis
554 970 720 1053 utriusque
742 972 904 1055 scriptoris
927 972 998 1036 lons
1012 971 1117 1053 fuerit,
1139 972 1227 1055 ipsae
1246 970 1321 1035 illae
1360 1044 1366 1053 ,

165 1074 387 1140 similitudines
413 1076 594 1141 accuratius
616 1077 786 1159 inquisitae
808 1077 975 1143 docebunt.
1021 1077 1143 1143 Tamen
1169 1077 1201 1141 id
1228 1097 1322 1161 prae·

165 1184 266 1264 mitto,
290 1188 376 1247 certe
396 1182 511 1247 falsum
534 1204 611 1264 esse,
635 1204 744 1249 omnes
763 1185 834 1250 illos
849 1186 935 1252 locos
951 1192 1007 1251 aut
1021 1187 1053 1250 in
1068 1184 1320 1250 Fritzschiorum

165 1290 355 1374 Hertziique
377 1290 506 1355 modum
528 1296 584 1354 aut
603 1291 636 1355 in
658 1289 702 1355 A.
716 1290 885 1358 Heinrichi
906 1292 1036 1358 modum
1058 1293 1223 1376 explicare,
1244 1313 1321 1357 nam

165 1397 308 1483 prolecto
338 1398 457 1462 multae
489 1397 570 1463 aliae
601 1398 742 1464 rationes
771 1406 891 1484 patent,
924 1400 1038 1485 quibus
1067 1400 1119 1465 ille
1149 1421 1322 1466 consensus

166 1506 248 1572 effici
262 1511 406 1590 poterat,
428 1506 505 1571 satis
520 1505 624 1570 habeo
640 1504 680 1571 de
694 1508 827 1591 antiqua
842 1508 1006 1575 comoedia
1017 1508 1130 1573 Attica
1149 1510 1320 1591 monuisse,

106 1692 108 1699 Ι
167 1637 263 1699 quam
285 1615 410 1698 saepius
432 1613 491 1678 sibi
514 1620 588 1680 ante
611 1615 718 1680 oculos
740 1615 837 1681 finisse
860 1622 994 1700 uterque
1016 1607 1138 1684 narrat.
1194 1660 1198 1667 -

269 1721 334 1788 Sed
364 1721 494 1786 tandem
522 1723 608 1806 ipsas
641 1723 860 1791 similitudines
887 1726 1100 1810 inspiciamus
1133 1725 1271 1809 primum
1302 1744 1322 1787 a

166 1829 299 1910 Theod,
322 1828 434 1894 deiude
455 1828 496 1894 ab
512 1829 701 1896 Hermanno
723 1830 910 1914 Fritzschio,
931 1838 1000 1896 tum
1019 1830 1061 1897 ab
1076 1833 1115 1896 A.
1132 1828 1321 1895 Heinrichio

166 1939 319 2003 inventas.
341 1937 452 2021 Atque
474 1938 613 2021 primum
636 1937 757 2005 Theod.
780 1928 976 2004 Fritischius
997 1939 1056 2004 has
1078 1936 1187 2003 affert:

268 2045 383 2111 Horat.
412 2051 470 2111 sat.
494 2044 523 2126 I,
561 2051 586 2125 1,
614 2048 666 2128 20,
693 2049 751 2111 21:
786 2045 883 2132 ,Quid
912 2051 1067 2128 causaest,
1098 2045 1210 2110 merito
1242 2043 1319 2126 quin

166 2154 227 2218 illis
252 2153 404 2239 Juppiter
433 2154 545 2219 ambas
567 2154 677 2220 Iratus
699 2153 817 2220 buccas
839 2153 937 2220 inflet‘
960 2160 992 2219 et
1014 2154 1191 2220 Icaromen.
1218 2172 1245 2218 o.
1266 2153 1318 2229 25,

166 2262 221 2326 ubi
243 2261 403 2347 Juppiter,
429 2283 540 2346 preces
560 2262 723 2327 hominum
750 2262 956 2347 perpendens
983 2263 1087 2347 justas
1115 2280 1240 2326 sursum
1262 2279 1321 2342 per

167 2370 245 2434 caeli
267 2369 423 2435 fenestras
453 2369 609 2435 admissas
638 2369 680 2434 ad
702 2369 848 2435 dextram
876 2370 1012 2454 reponit,
1043 2366 1111 2451 ,τὰς
1141 2362 1170 2432 δ’
1169 2361 1322 2441 ἀνοσίους

166 2470 354 2561 ιίπράκτοος
375 2465 472 2553 αὖθις
492 2471 681 2562 ἀπέπεμπεν
698 2471 883 2560 ἀποφυσῶν
902 2471 1002 2557 κάτω,
1024 2473 1079 2541 ἵνα
1091 2475 1170 2562 μηδὲ
1184 2474 1322 2560 πλησίον

166 2587 314 2671 γένοιντο
336 2591 399 2651 τοῦ
421 2580 586 2669 ου’ρανοῦῆ
631 2584 773 2652 Offendit
792 2591 900 2650 autem
915 2586 948 2649 in
968 2606 1006 2650 ea
1021 2607 1063 2664 re,
1085 2583 1172 2679 quod
1187 2589 1323 2666 uterque

167 2694 192 2760 J
194 2716 282 2760 orem
304 2695 422 2761 buccas
441 2693 606 2759 inflantem
628 2691 729 2779 fingit.
774 2693 839 2760 Sed
859 2695 932 2758 hinc
947 2694 1053 2777 colligi
1067 2693 1187 2776 nequit,
1210 2690 1323 2756 ambos

167 2801 210 2866 ad
225 2801 360 2867 eundem
377 2800 564 2886 scriptorem
578 2801 727 2880 rediisse,
750 2802 846 2865 immo
861 2802 908 2867 ita
921 2801 999 2865 illud
1015 2802 1135 2884 expioo,
1156 2803 1193 2863 ut
1207 2798 1323 2878 dicam,

167 2907 341 2975 Horatium
366 2908 544 2992 vulgarium
575 2908 749 2974 dictionum
775 2908 879 2973 studio
889 2908 924 2994 1),
955 2906 1041 2990 quod
1068 2906 1158 2971 lectis
1181 2904 1324 2971 Graeco·

168 3040 239 3083 rum
261 3019 454 3083 comicorum
476 3016 591 3082 fabulis
614 3023 743 3082 auctum
766 3024 844 3096 erat,
865 3017 918 3082 hio
939 3015 1115 3094 indulsisse,
1142 3012 1324 3080 Lucianum

167 3125 263 3191 verbo
286 3120 483 3208 ,duopoodv‘
505 3147 597 3190 usum
623 3147 700 3208 esse,
731 3127 806 3210 quia
827 3125 928 3190 solum
949 3130 1060 3208 aptum
1091 3127 1178 3187 erat:
1211 3142 1324 3206 preces

168 3233 251 3298 enim
274 3233 315 3298 ad
331 3234 421 3302 Jovis
444 3234 537 3299 aures
558 3239 595 3299 ut
616 3232 747 3299 flamina
763 3235 901 3314 veniunt,
924 3254 1006 3318 quae
1026 3232 1087 3311 ille,
1110 3235 1146 3296 ut
1167 3236 1323 3308 amoveat,

168 3337 347 3424 ἄποφοοᾶν
370 3341 473 3408 debet.
518 3341 656 3408 Accedit
679 3343 765 3426 quod
791 3344 824 3408 in
852 3343 982 3427 singulis
1011 3341 1112 3406 multa
1134 3340 1211 3405 satis
1235 3338 1324 3404 dissi·

167 3450 253 3516 milia
263 3451 288 3537 2)
306 3450 338 3515 in
354 3450 416 3515 illis
429 3449 507 3515 locis
526 3457 607 3518 sunt.
651 3450 803 3516 Fortasse
822 3452 919 3516 etiam
933 3450 1083 3514 bucconis
1099 3446 1273 3513 Atellanae
1289 3448 1323 3512 in

167 3563 305 3624 mentem
313 3557 453 3624 Horatio
463 3565 602 3641 venerat,
616 3559 704 3622 ouius
717 3557 759 3622 ad
771 3559 908 3643 speciem
920 3556 945 3623 J
946 3578 1036 3622 ovem
1048 3557 1218 3641 depingere
1231 3557 1323 3640 juvit.

270 3667 388 3734 Horat.
403 3671 461 3733 sat.
476 3665 515 3730 II
538 3671 566 3745 6,
591 3669 650 3733 20:
674 3664 844 3749 ,Matutine
866 3673 967 3751 pater,
991 3686 1046 3730 seu
1069 3663 1154 3730 Jano
1174 3663 1325 3729 libentius

167 3772 269 3839 audis‘
293 3781 325 3840 et
345 3774 424 3840 Luc.
449 3771 529 3841 Tim.
551 3775 619 3841 init.
650 3760 691 3854 ,Ὦ
713 3777 778 3840 Ζεῦ
801 3776 886 3858 φίλιε
914 3773 967 3838 καὶ
996 3772 1081 3852 ξένιε
1110 3773 1162 3835 καὶ
1189 3766 1325 3858 ἑταιρεῖε

167 3920 210 3931 -
232 3885 284 3948 καὶ
310 3881 338 3948 εἴ
364 3907 395 3948 τι
426 3899 460 3947 σε
490 3876 570 3946 ἄλλο
601 3878 631 3946 oi
660 3876 873 3969 ἐμβρόντητοι
904 3882 1036 3967 ποιηταὶ
1064 3881 1220 3948 καλοῦσι’.
1271 3879 1325 3946 Ne

174 4016 385 4028 *-

271 4075 292 4144 l)
311 4076 361 4129 sat.
379 4073 406 4126 11
424 4073 448 4136 3,
466 4071 500 4124 33
515 4087 618 4139 crepare
636 4070 682 4140 (id.
697 4086 736 4139 ep.
754 4070 768 4124 Ι
784 4073 807 4137 7,
826 4072 878 4141 84),
897 4075 948 4127 eat.
968 4072 980 4124 Ι
998 4074 1022 4140 6,
1043 4073 1058 4124 5
1079 4086 1144 4124 naso
1166 4070 1324 4138 suspendere

127 4215 133 4227 ,
167 4165 278 4232 adunco,
296 4168 347 4219 sat.
368 4163 437 4232 113,
455 4163 488 4215 53
515 4160 625 4215 caudam
647 4161 757 4226 trahere,
783 4163 894 4230 saepius,
921 4161 952 4216 dc
976 4179 1028 4231 quo
1045 4179 1069 4216 v.
1090 4160 1189 4216 Theod.
1208 4158 1323 4216 Arnold.

168 4255 186 4310 l.
205 4257 222 4311 l.
241 4272 266 4324 p.
285 4256 318 4308 28
336 4253 396 4309 adn.
415 4255 440 4307 4.

272 4345 293 4415 ἵ)
311 4361 379 4414 quae
397 4345 496 4412 optime
516 4345 639 4412 exposuit
656 4343 835 4399 Wcohsmnth.
856 4346 882 4397 in
902 4360 952 4398 rec.
972 4360 997 4411 p.
1018 4343 1073 4397 198.
