3120 4838
178 434 262 510 olim
288 436 401 510 Atilio
429 438 693 511 Fortunatiano
721 439 965 522 tribuebatur,
994 440 1172 534 quodque
1202 439 1360 511 omnium
1389 437 1480 511 anti·

179 565 390 660 quissimum
427 590 513 637 esse
548 581 634 661 post
661 567 932 639 Lachmannum
965 566 1138 662 imprimis
1175 564 1434 661 Westphalius
1448 564 1479 667 ¹)

178 689 376 766 luculenter
403 692 683 773 demonstravit:
713 695 811 767 cuius
837 694 959 767 vitium
983 718 1066 766 cum
1098 694 1210 767 ceteri
1230 694 1346 766 secuti
1373 693 1479 765 vide-

177 838 292 906 antur,
317 821 465 919 gravius
492 835 568 909 est,
606 846 718 918 quam
745 839 784 895 ut
812 847 878 910 ea,
911 847 1008 918 quae
1044 820 1092 892 de
1119 837 1245 893 nostro
1274 838 1398 894 metro
1429 821 1479 893 ab

179 965 330 1022 auctore
358 948 494 1045 scripta
521 964 614 1036 sunt,
643 974 714 1021 non
743 949 864 1021 omnia
897 948 1067 1022 afferam:
1107 949 1231 1044 »quod
1263 966 1412 1021 metron
1441 963 1482 1022 et

178 1075 259 1171 ipse
287 1074 462 1149 Horatius
490 1077 696 1171 ignorando
724 1074 833 1173 quale
863 1092 963 1149 esset
989 1075 1177 1149 laboriosa
1205 1076 1478 1149 observatione

176 1201 292 1275 semel
325 1204 474 1276 omnino
511 1204 634 1277 facere
671 1219 827 1276 conatus
862 1219 921 1276 est
956 1220 994 1276 et
1031 1204 1064 1276 in
1103 1220 1305 1301 eotamen
1342 1228 1478 1298 parum

177 1329 357 1403 decenter
396 1331 541 1405 erravit.
582 1356 664 1404 nam
707 1331 793 1404 fecit
839 1330 925 1403 illud
962 1332 1128 1427 asperius
1170 1357 1240 1404 uno
1282 1331 1478 1404 immutato

177 1461 286 1554 pede.
315 1461 415 1556 quod
442 1461 471 1532 si
491 1460 633 1544 scisset,
663 1458 934 1551 choriambicon
962 1484 1049 1532 esse
1070 1477 1108 1532 et
1134 1460 1271 1532 habere
1292 1456 1480 1533 clausulas

177 1602 309 1669 certas
339 1612 410 1659 non
430 1587 465 1659 in
491 1584 588 1660 illam
608 1584 789 1660 salebram
817 1586 1015 1660 incidisset.
1044 1611 1125 1659 nam
1154 1588 1307 1681 primum
1328 1611 1480 1659 comma

177 1739 223 1785 ex
248 1713 461 1787 choriambo
490 1730 529 1787 et
547 1715 773 1788 antibacchio
793 1714 1039 1811 compositum
1066 1732 1140 1787 est:
1169 1715 1298 1810 ‘Lydia
1327 1715 1385 1786 dic
1406 1740 1478 1810 per

176 1841 326 1914 omnes!
355 1841 555 1915 secundum
583 1844 701 1927 colon,
730 1843 831 1938 quod
859 1859 918 1916 est
936 1841 1089 1938 longius,
1116 1860 1193 1915 tres
1214 1842 1330 1914 habet
1356 1843 1478 1915 chori·

176 1971 305 2041 ambos
334 1985 373 2041 et
399 1995 506 2043 unum
536 1971 812 2056 antibacchium,
840 1971 983 2044 scilicet
1000 1969 1184 2043 clausulae
1210 1971 1341 2067 gratia,
1372 1971 1479 2066 quod

177 2111 322 2170 metron
343 2093 505 2170 Alcaeus
533 2099 587 2170 sic
614 2097 805 2187 ordinavit,
834 2098 948 2170 homo
977 2098 1012 2170 in
1040 2099 1185 2171 musicis
1215 2098 1476 2171 exercitatissi-

176 2249 265 2298 mus.
295 2241 334 2297 at
360 2224 539 2299 Horatius
564 2225 716 2321 primum
744 2226 989 2298 choriambum
1025 2226 1253 2299 durissimum
1280 2225 1366 2298 fecit
1404 2250 1476 2321 pro

174 2352 297 2426 iambo
325 2353 531 2449 spondeum
559 2354 777 2428 infulciendo
806 2355 873 2450 sic:
914 2354 996 2427 ‘hoc
1030 2354 1124 2427 deos
1157 2379 1244 2426 vere
1273 2351 1473 2447 Sybarim,⁸

175 2505 258 2554 nam
288 2481 317 2555 si
336 2498 483 2557 secutus
503 2499 607 2556 esset
627 2481 804 2567 Alcaeum
823 2483 876 2557 sic
897 2482 1125 2556 ordinasset:
1157 2482 1237 2554 ‘hoc
1257 2481 1329 2553 dea
1349 2482 1470 2554 vere.’

176 2634 281 2682 error
306 2628 428 2683 tamen
455 2608 545 2683 illius
572 2610 688 2685 habet
716 2611 1005 2697 excusationem,
1036 2611 1137 2705 quod
1164 2610 1197 2681 in
1226 2636 1272 2682 ea
1291 2634 1473 2704 perseve-

175 2738 267 2810 ravit
301 2734 405 2836 lege,
440 2764 551 2834 quam
586 2739 667 2834 ipse
699 2739 767 2811 sibi
803 2737 924 2835 aliquo
960 2764 1049 2811 casu
1083 2738 1238 2822 fecerat,
1268 2762 1387 2832 usque
1425 2737 1477 2810 ad

174 2866 333 2938 ultimam
361 2884 504 2961 partem
541 2891 617 2939 non
645 2868 854 2940 mutando.·‹
913 2865 1050 2939 Verum
1077 2891 1150 2938 non
1179 2866 1351 2938 Horatius
1386 2891 1474 2960 ›pa-

174 3019 252 3066 rum
285 2992 483 3068 decenter«
525 2995 672 3080 erravit,
708 2994 778 3068 sed
812 2994 933 3090 potius
969 2994 1124 3066 Caesius
1159 2993 1307 3066 Bassus,
1369 2992 1476 3066 Prior

176 3121 271 3194 enim
305 3146 454 3211 versus,
492 3122 553 3219 qui
591 3148 811 3220 quamquam
846 3123 945 3221 apud
974 3118 1152 3194 Alcaeum
1187 3145 1281 3193 nunc
1321 3120 1473 3215 quidem

175 3274 247 3322 non
287 3251 481 3345 reperitur,
525 3252 573 3323 ab
606 3276 654 3324 eo
695 3276 771 3324 non
812 3250 952 3323 alienus
995 3249 1107 3322 fuisse
1144 3249 1303 3333 videtur,
1339 3248 1475 3343 quiaa

176 3377 329 3474 Sappho
367 3377 401 3451 in
433 3404 536 3452 usum
569 3397 727 3452 vocatus
759 3395 818 3451 est
851 3378 895 3452 cf.
925 3378 964 3452 fr.
996 3401 1056 3468 99.
1098 3399 1180 3450 100.
1218 3372 1417 3469 Westphal
1446 3376 1475 3447 ΙΙ

179 3512 263 3600 760,
294 3506 428 3602 quique
456 3507 567 3581 etiam
594 3509 693 3603 apud
719 3507 1008 3603 Aristophanem
1037 3520 1167 3590 exstat,
1196 3504 1295 3576 cuius
1324 3503 1476 3576 nomine

177 3661 198 3707 e
226 3632 373 3707 libidine
402 3635 518 3710 Servii
548 3641 661 3728 463,5
694 3636 786 3708 nunc
815 3635 995 3731 appellari
1028 3631 1138 3721 solet,
1168 3658 1246 3704 cum
1266 3630 1479 3704 Diomedes

179 3773 316 3854 520,ss
352 3789 433 3838 eum
464 3789 533 3861 pro
567 3763 832 3838 Anacreonteo
865 3763 1019 3849 vendat,
1055 3762 1085 3834 is
1114 3739 1244 3856 aperte
1271 3786 1292 3831 e
1322 3757 1474 3854 dactylo

178 3904 215 3961 et
251 3890 400 3986 dipodia
441 3892 627 3966 trochaica
669 3907 816 3966 constat
863 3917 985 3988 neque
1028 3914 1116 3962 vero
1154 3888 1403 3961 choriambum
1442 3904 1481 3960 et

177 4019 440 4093 antibacchium
476 4021 656 4109 continet,
696 4020 798 4117 quod
825 4037 864 4093 et
895 4019 1035 4094 metrici
1076 4016 1191 4089 Latini
1221 4033 1259 4088 et
1290 4015 1411 4111 Heph.
1442 4042 1475 4090 c.

179 4169 280 4244 9.·p.
312 4158 360 4240 36
388 4147 450 4224 W.
479 4147 573 4221 salso
601 4164 771 4222 statuunt.
814 4147 929 4241 Quod
956 4172 1036 4219 cum
1065 4144 1157 4217 salso
1188 4143 1299 4215 etiam
1320 4143 1483 4217 Caesius

185 4272 321 4373 Bassus
350 4276 574 4371 opinaretur,
604 4301 838 4372 consequens
866 4294 954 4359 erat,
982 4291 1020 4347 ut
1048 4271 1200 4346 alterum
1220 4294 1372 4365 quoque
1402 4298 1484 4345 ver-

289 4533 307 4601 ¹)
326 4535 457 4600 Westphal
477 4536 632 4601 Allgemeine
657 4538 811 4603 griechische
830 4535 929 4586 Metrilr.
966 4534 1070 4599 Leipzig
1092 4530 1165 4594 1865.
1187 4548 1213 4596 p,
1236 4539 1268 4592 72
1289 4538 1345 4595 sqq.
1369 4530 1403 4583 8⁶
1424 4548 1483 4599 sqq.
