3120 4838
76 419 215 491 ceteris
252 422 545 515 comparaveris
583 449 702 519 prope
733 424 911 518 integrum
955 425 1159 519 posteritati
1189 426 1375 521 proditum

74 574 184 620 esse·
218 548 364 649 (Keller
389 551 478 623 edit.
515 552 630 646 praes.
660 578 693 646 p.
720 552 870 647 XVIII),
909 553 976 624 utri
1010 554 1219 626 sententiae
1255 555 1374 647 magis

72 676 236 762 faveant,
267 679 302 749 in
331 680 565 774 dijudicando
595 704 669 751 non
697 677 842 774 paulum
864 679 996 763 oblicit,
1027 684 1128 775 quod
1156 707 1253 777 quae
1280 683 1375 755 ratio

73 805 167 877 inter
207 805 373 902 singulos
400 807 552 878 codices
591 807 821 895 intercedat,
873 809 1031 887 nondum
1080 810 1169 881 satis
1214 827 1374 884 constat.

74 932 248 1029 Namque
276 952 315 1005 ut
343 938 487 1007 taceam
516 960 598 1013 eos,
629 935 690 1029 qui
719 936 885 1008 codicem
915 936 1139 1009 Blandinium
1175 938 1374 1011 vetustissi-

74 1086 170 1133 mum
210 1063 317 1134 etiam
354 1088 447 1134 nunc
473 1064 590 1134 solum
618 1079 836 1157 sequuntur,
869 1089 916 1135 ne
953 1065 1067 1136 ceteri
1102 1065 1252 1159 quidem
1279 1066 1373 1139 inter

73 1214 118 1260 se
159 1190 409 1276 consentiunt,
452 1192 524 1261 sed
564 1209 602 1262 et
636 1206 713 1262 tres
749 1188 832 1263 illae
867 1192 1037 1264 codicum
1073 1195 1233 1281 classes,
1277 1218 1371 1288 quas

73 1333 242 1389 statuunt
283 1319 453 1389 Kellerus
496 1318 779 1414 Holderusque,
828 1321 931 1392 nimis
976 1321 1141 1393 incertae
1183 1340 1223 1394 et
1263 1323 1374 1394 variis

71 1447 304 1540 temporibus
322 1445 352 1545 ¹)
389 1446 489 1518 varie
533 1448 579 1517 ab
614 1448 656 1519 iis
701 1447 897 1544 discriptae
935 1467 1018 1521 sunt
1059 1465 1097 1521 et
1133 1446 1190 1521 alii
1210 1447 1239 1551 2)
1281 1449 1374 1523 duas

73 1574 189 1645 modo
219 1575 435 1645 statuendas
463 1595 626 1647 censent.
673 1575 800 1667 Quare
831 1603 910 1648 cum
932 1577 1080 1649 codices
1101 1577 1159 1670 Αγ
1172 1578 1233 1649 Fr
1251 1578 1280 1647 ὅ
1294 1578 1328 1649 π’
1344 1579 1376 1649 u'

74 1719 162 1796 post
194 1727 305 1773 carm.
334 1704 346 1772 l
377 1723 462 1793 7,14
496 1728 630 1775 novum
668 1730 817 1776 carmen
852 1705 1038 1800 incipiant,
1075 1706 1165 1776 satis
1203 1731 1376 1802 magnum

73 1829 296 1923 optimorum
323 1831 491 1901 codicum
520 1857 707 1904 numerum
736 1860 758 1904 a
785 1850 912 1905 nostra
940 1850 1047 1928 parte
1075 1851 1174 1906 stare
1204 1850 1372 1929 apparet,

72 1958 229 2051 amplius
257 1982 346 2028 vero
376 1959 576 2053 quidquam
603 1986 672 2055 pro
701 1977 867 2056 tempore
896 1986 968 2032 non
996 1962 1141 2034 videtur
1169 1963 1374 2035 confirmari

72 2110 204 2181 posse.

184 2242 233 2313 Et
274 2245 348 2315 duo
394 2245 554 2316 carmina
591 2245 781 2317 Horatium
817 2270 902 2317 esse
943 2243 1106 2319 voluisse
1149 2270 1246 2340 quae
1279 2270 1374 2318 nunc

72 2368 188 2464 vulgo
216 2371 249 2441 in
279 2397 386 2442 unum
417 2389 600 2464 coguntur
631 2375 731 2468 justa
763 2374 1065 2468 interpretatione
1101 2397 1251 2468 prorsus
1278 2397 1374 2445 corn·

70 2500 264 2593 probatur.
312 2499 501 2595 Quidquid
531 2501 625 2572 enim
655 2502 717 2572 viri
746 2501 843 2572 docti
873 2516 1005 2572 contra
1032 2490 1097 2571 nisi
1126 2516 1219 2592 sunt,
1250 2524 1372 2594 neque

74 2628 193 2699 hodie
223 2628 369 2723 quidem
398 2626 660 2701 labefactatum
691 2655 775 2700 esse
804 2628 991 2700 contendo
1011 2627 1111 2722 quod
1131 2626 1371 2700 Buttmannus

73 2759 98 2830 l.
135 2754 157 2826 l.
192 2782 229 2851 p.
269 2759 336 2846 841
376 2756 482 2829 dixit:
526 2757 578 2828 So
618 2762 665 2828 ist
706 2757 833 2829 weder
873 2757 906 2828 in
955 2756 1027 2827 den
1055 2755 1200 2827 Versen
1247 2776 1372 2845 r-14

72 2901 216 2971 etu'aS,
258 2911 334 2957 was
373 2912 443 2957 ron
484 2885 591 2957 innen
628 2884 764 2957 heraus
800 2885 863 2956 aul
895 2884 963 2955 das
998 2880 1194 2978 Folgende
1230 2882 1371 2969 weiset,

72 3011 178 3085 noch
204 3012 240 3082 in
269 3013 340 3084 den
367 3012 513 3085 Versen
554 3034 698 3105 15-32
737 3030 870 3091 etwas,
906 3037 983 3084 was
1021 3012 1286 3084 zuriickweiset
1313 3010 1378 3082 auf

73 3140 138 3212 die
159 3139 279 3211 Verse
315 3165 448 3229 1—14.
494 3140 626 3237 Neque
655 3166 747 3213 vero
768 3140 852 3212 mihi
872 3166 953 3212 cum
982 3139 1024 3211 iis
1053 3165 1175 3212 sermo
1205 3155 1280 3227 est,
1310 3140 1372 3234 qui

70 3267 250 3340 Meinekii
278 3265 364 3363 lege
393 3294 414 3338 a
442 3267 566 3362 priori,
597 3269 697 3362 quod
723 3292 920 3356 vocamuS,
950 3285 1111 3362 accepta
1138 3268 1222 3339 huic
1251 3267 1374 3340 omnia

69 3411 313 3492 postponunt,
341 3396 391 3467 ut'
407 3396 624 3468 Luebkerus
643 3396 683 3497 3),
713 3394 874 3468 Orellius
901 3398 955 3479 al,
985 3409 1123 3467 ettam
1153 3395 1238 3466 sutili
1266 3394 1373 3467 inter·

69 3523 286 3619 pretatione
313 3539 477 3611 utuntur,
508 3539 546 3594 ut
572 3523 766 3595 Horatium
794 3521 944 3596 laudata
972 3522 1118 3593 Tiburis
1147 3520 1372 3594 amoenitate

69 3654 143 3724 huc
172 3677 193 3722 e
231 3653 360 3724 castris
392 3652 572 3724 Plancium
604 3676 782 3724 revocare
821 3652 1007 3724 studuisse
1043 3649 1255 3744 opinentur,
1291 3672 1371 3723 curu

71 3782 158 3877 ipse
187 3779 334 3852 disertis
362 3780 485 3852 verbis
515 3780 627 3852 dicat:
662 3805 729 3852 seu
757 3797 795 3851 te
825 3795 947 3853 castra
973 3794 1100 3850 tenent
1133 3802 1199 3848 seu
1226 3776 1374 3850 Tiburis

70 3910 203 3981 umbra
229 3910 380 3996 tenebit,
410 3910 432 3982 i.
461 3935 507 3997 e.,
537 3924 578 3979 ut
603 3909 639 3980 in
665 3909 879 4004 pedestrem
908 3906 1111 3978 orationem
1140 3919 1371 3979 convertam:

71 4074 129 4081 —...
135 4074 157 4079 -
162 4072 341 4079 ————-—-

185 4141 203 4213 ¹)
223 4145 269 4194 CI..
282 4146 369 4195 Keller
386 4146 412 4195 in
425 4163 487 4197 mus.
501 4146 625 4195 Rhenuno
644 4147 705 4194 xlx
721 4144 788 4206 1864
807 4161 833 4209 p.
848 4157 895 4192 211
917 4152 942 4192 et
959 4142 1018 4192 edit.
1030 4142 1116 4206 praes.
1136 4142 1198 4189 XVI
1215 4156 1272 4191 cum
1292 4141 1372 4192 eitud.

67 4239 285 4288 commentatione
302 4239 328 4288 in
346 4256 408 4288 mus.
428 4240 510 4289 Rhen.
529 4239 641 4287 XXXIII
665 4236 731 4300 1878
750 4255 774 4302 p.
798 4249 846 4285 122
870 4243 895 4286 et
912 4236 1097 4300 Epilogomena
1114 4250 1140 4298 p.
1158 4233 1216 4281 Vll.

183 4327 261 4395 ²)cf.
281 4330 416 4395 imprimis:
444 4332 485 4381 W.
513 4331 538 4380 S.
560 4330 666 4392 Teuffel,
692 4331 741 4378 Die
771 4328 915 4379 horuzische
934 4327 1010 4391 Lyrik
1029 4326 1081 4376 und
1099 4325 1175 4375 deren
1194 4325 1285 4374 Kritik.
1323 4326 1372 4376 Zur

68 4426 235 4489 Begrlissnng
253 4423 298 4472 der
317 4434 359 4485 31.
379 4423 717 4488 Philologenversnmmlung
735 4423 761 4471 Iu
778 4422 922 4486 Tiibingeu.
961 4420 1028 4469 Tub.
1052 4417 1118 4480 1876
1137 4435 1164 4483 p.
1187 4430 1218 4481 19
1238 4434 1292 4482 sqq.

183 4513 203 4584 ³)
223 4517 265 4567 Fr.
279 4515 388 4576 Liibker,
408 4516 575 4565 Kommeutar
593 4532 622 4566 zu
635 4514 740 4564 Hornz’s
755 4514 830 4563 Odeu
842 4514 915 4564 Buch
930 4512 1029 4562 I-lll.
1041 4510 1187 4575 Scblcsu'rg
1203 4509 1274 4571 Ibus
1290 4526 1323 4573 p,
1338 4520 1379 4570 ’μζ
1463 4514 1488 4566 Ι
