3120 4838
691 207 726 253 11

602 282 812 293 ...υ-...-

54 401 185 497 reliqui
221 422 362 499 poetae
399 405 536 487 Latini,
579 406 640 502 qui
681 405 759 478 aliis
800 406 833 477 in
876 405 985 478 rebus
1021 404 1352 479 Alexandrinorum

52 530 212 627 vestigia
241 548 465 627 premerent,
495 533 679 629 adoptare
707 534 783 606 ausi
811 550 901 604 sunt.
949 532 1092 606 Horatii
1119 550 1199 606 arte
1228 549 1352 605 tamen

55 657 234 745 Catullus,
265 685 485 755 quamquam
514 679 553 734 et
581 662 661 756 ipse
679 662 770 734 satis
794 664 960 758 elegans
991 660 1175 756 aliqua-nto
1202 659 1352 733 inferior

52 804 123 874 est,
155 812 240 860 cum
268 788 302 859 in
334 795 408 881 796
435 789 656 862 hexametris
689 790 800 881 79ies
839 812 1032 861 caesuram
1059 787 1351 884 semiquinariam
1457 806 1462 817 ·

53 913 263 1011 neglexerit
290 915 366 987 sive
395 915 428 987 in
457 910 604 989 decimo
633 943 783 1013 quoque
811 944 919 990 versu
948 914 1071 989 semel.

161 1070 297 1155 Unum,
346 1097 426 1147 cum
472 1072 591 1145 hiatus
633 1073 900 1168 productiones
943 1090 1070 1145 cetera
1120 1071 1352 1151 Graecorum

57 1200 340 1295 comparatione
369 1227 443 1273 non
471 1201 701 1286 illustrentur,
729 1202 798 1273 sed
819 1228 840 1273 e
861 1200 1005 1298 legibus
1026 1199 1181 1272 Latinae
1201 1198 1348 1297 linguae

55 1328 214 1424 propriis
242 1329 443 1425 pendeant,
470 1327 647 1424 reliquum
677 1344 743 1414 est,
773 1329 807 1400 in
836 1354 909 1424 quo
931 1327 1096 1402 Catullus
1124 1327 1352 1400 severiorem

57 1456 135 1543 sibi,
167 1482 279 1552 quam
300 1456 484 1540 Horatius
514 1482 677 1529 normam
706 1457 957 1553 praescripsit,
990 1481 1086 1551 quae
1115 1481 1198 1528 num
1218 1456 1353 1529 eadem

58 1584 168 1657 etiam
202 1582 414 1680 elegantior
450 1585 512 1670 sit,
554 1609 692 1682 magno
728 1609 845 1680 opere
881 1584 1022 1658 dubito,
1085 1585 1180 1658 Nam
1216 1598 1353 1679 poetas

59 1711 331 1786 Alexandrinos
351 1713 376 1809 ¹)
405 1731 555 1786 secutus
575 1710 739 1786 Catullus
768 1713 803 1785 in
830 1713 1049 1787 hexametro
1075 1729 1165 1808 post
1188 1728 1354 1808 quartum

58 1840 272 1915 trochaeum
317 1868 500 1939 nunquam
542 1842 643 1914 vocis
684 1840 881 1915 clausulam
925 1840 1084 1929 admisit,
1134 1865 1243 1936 quam
1285 1865 1354 1912 nec

56 1983 204 2042 veteres
246 1989 388 2066 poetae
431 1969 567 2045 Graeci
607 1969 774 2043 vitabant
815 1969 876 2064 (cs.
916 1969 1037 2043 Alcm.
1080 1968 1120 2042 sr.
1160 1990 1204 2060 27
1245 1992 1355 2062 supra

57 2098 220 2194 allatum)
250 2114 290 2171 et
317 2099 416 2195 apud
436 2098 631 2171 Horatium
658 2097 777 2170 habes
796 2097 852 2170 his
880 2097 987 2170 locis:
1013 2121 1121 2170 carm.
1149 2095 1163 2166 l
1193 2119 1225 2189 7,
1256 2114 1355 2189 3.27.

62 2226 120 2315 28,
168 2250 327 2320 ¹·23·25·
370 2226 419 2298 IV
465 2247 535 2321 7,5,
579 2251 759 2321 nunquam
799 2226 834 2298 in
876 2225 1020 2321 epodis.
1091 2223 1218 2317 Quare
1254 2223 1355 2319 quod

61 2354 169 2427 etiarn
197 2354 239 2426 L.
260 2354 477 2428 Muellerum
505 2354 643 2451 fugisse
673 2354 790 2438 miror,
818 2353 894 2426 veri
922 2351 1037 2425 simile
1065 2368 1132 2438 est,
1160 2351 1355 2425 Horatium

62 2482 96 2554 in
123 2481 258 2578 epodis
281 2500 320 2555 et
337 2483 455 2579 ipsum
475 2481 810 2555 Alexandrinorum
839 2484 961 2579 legem
983 2478 1150 2554 consulto
1169 2504 1354 2568 servasse,

61 2627 196 2706 postea
227 2637 319 2683 vero
354 2612 564 2708 neglexisse
605 2628 643 2682 et
672 2609 869 2706 respuisse,
906 2633 1100 2682 comeam
1130 2607 1233 2680 nimis
1261 2621 1356 2679 arte·

61 2738 229 2812 ficiosam
259 2765 346 2812 esse
376 2740 617 2834 intellegeret.

167 2895 348 2968 Proxinus
369 2910 585 2968 tetrameter
606 2895 809 2991 dactylicus
828 2891 1061 2967 catalecticus
1077 2893 1112 2965 in
1136 2887 1356 2987 disyllabum

62 3040 131 3114 est,
162 3050 274 3120 quem
294 3023 472 3096 Horatius
502 3023 666 3096 adhibuit
683 3049 743 3119 ep.
771 3049 812 3095 12
835 3048 944 3096 carm.
965 3020 979 3093 l
1002 3041 1032 3113 7.
1056 3023 1115 3096 28.
1145 3019 1177 3094 E
1198 3019 1356 3095 Graecis

61 3177 156 3224 nunc
185 3151 395 3247 comparari
422 3168 579 3248 possunt
606 3153 718 3223 haec:

167 3305 307 3379 Archil.
337 3307 376 3380 ir.
407 3311 455 3397 98
484 3308 706 3400 patvt'psvor·
733 3307 843 3377 κακὸν
871 3304 978 3377 οἴκαδ’
1006 3304 1165 3399 ἄγεοθαι.

168 3432 289 3506 Alcm.
327 3435 368 3509 ir.
406 3459 493 3528 33,4
522 3437 653 3519 ἔτνεος,
683 3433 759 3506 οἷον
787 3430 806 3504 ὁ
832 3434 1022 3528 παμφάγος
1048 3431 1187 3526 Ἀλκμάν

403 3572 490 3656 33,6
519 3561 599 3635 οὔτι
627 3562 694 3657 γὰρ
723 3561 768 3655 ἠῢ
796 3565 1014 3654 τετυγμένον
1042 3562 1140 3632 ἔσθει

404 3710 423 3782 7
453 3689 542 3762 ἀλλὰ
569 3691 614 3761 τὰ
641 3691 743 3762 κοινὰ
772 3688 847 3784 γάρ,
877 3684 997 3783 ὥσπερ
1024 3685 1043 3758 ὁ
1072 3691 1182 3780 δᾶμος

303 3818 344 3890 lr.
376 3842 458 3910 34,2
492 3823 587 3903 θεοῖς
613 3814 682 3913 glun
698 3815 728 3919 ²)
756 3815 967 3910 πολύφαμος
995 3813 1099 3909 ἑοοτιί

305 3946 344 4018 sr.
367 3970 453 4039 344
481 3945 537 4017 old
566 3974 606 4016 τε
632 3949 797 4038 ποιμένες
822 3943 951 4040 ἄνδρες
978 3941 1129 4034 ἔχουσιν.

169 4076 313 4172 Sapph.
353 4074 392 4147 st.
432 4093 513 4164 27‚1
556 4075 791 4166 σκιδναμένας
823 4075 862 4144 ἐν
889 4072 1059 4165 στήθεσιν
1087 4067 1203 4167 ὄργας.

59 4290 311 4299 *υ---.-..
323 4290 329 4295 .

172 4410 191 4481 ι)
230 4412 271 4462 cf.
293 4413 381 4478 Haupt
399 4413 416 4462 l.
435 4413 452 4461 l.
474 4406 571 4479 (opusc,
591 4409 617 4457 II
637 4406 690 4475 78).

174 4504 197 4574 2)
233 4505 374 4555 Hermauni
393 4505 457 4571 conj.
480 4506 591 4554 θεοῖσιν
612 4498 664 4564 (idq
684 4501 745 4550 mihi
764 4517 828 4568 opus
846 4516 897 4550 non
915 4497 1012 4553 uidetur
1031 4513 1096 4554 esse,
