3120 4838
813 176 831 235 8

278 387 473 459 Exordium
511 387 752 483 proficiscitur
790 389 837 459 ab
878 389 1097 460 hexametro
1147 385 1352 481 dactylic0,
1394 411 1474 482 quo

173 517 349 589 Horatius
376 516 410 587 in
439 516 654 589 carminibus
683 532 721 587 et
749 515 883 611 epodis
917 543 1003 587 usus
1038 533 1095 587 est
1122 515 1265 587 ratione
1303 506 1479 611 epodicai

175 645 373 740 conjuncto
414 670 494 717 cum
537 643 614 717 aliis
654 643 821 715 versibus
864 643 1052 738 dactylicis
1093 661 1131 713 et
1173 668 1254 713 cum
1296 643 1476 714 versibus

172 771 346 843 iambicis,
409 771 494 864 Quo
531 773 564 845 in
604 772 798 845 formando
836 770 998 864 singulas
1035 770 1172 866 pedum
1212 787 1250 841 et
1286 795 1474 843 caesurae

173 898 296 998 leges,
335 925 430 995 quac
461 901 626 972 notiores
655 917 758 987 sunt,
794 925 903 993 quam
933 914 969 970 ut
995 896 1178 975 hocloco
1205 914 1396 991 repetam,
1432 916 1477 970 et

173 1028 254 1122 ipse
292 1027 469 1121 seruauit,
512 1028 581 1101 sed
623 1028 773 1123 propria
816 1027 976 1122 quadam
1018 1041 1098 1099 arte
1140 1024 1306 1097 servavit.
1372 1025 1474 1099 Nam

174 1155 373 1227 secundum
400 1154 616 1229 Schillerum
645 1154 666 1228 l.
697 1157 743 1244 l.,
781 1156 840 1251 qui
868 1154 1033 1252 singulos
1070 1180 1242 1227 numeros
1271 1151 1476 1250 diligenter

176 1298 214 1355 et
241 1280 416 1355 nonnullis
454 1283 620 1378 exceptis
655 1298 757 1355 recte
800 1283 1035 1377 conquisivit,
1078 1283 1112 1354 in
1156 1305 1243 1373 123,
1273 1282 1333 1375 qui
1368 1284 1476 1376 apud

177 1409 368 1482 Horatium
402 1410 649 1500 inveniuntur,
693 1411 915 1483 hexametris
950 1411 1108 1506 spondei
1141 1411 1176 1483 in
1216 1435 1227 1480 1
1268 1410 1369 1505 pede
1407 1433 1473 1500 42,

174 1539 209 1609 in
240 1565 257 1609 2
289 1541 349 1629 58,
378 1538 413 1609 in
444 1562 463 1629 3
499 1545 556 1628 76,
582 1539 617 1611 in
647 1564 669 1629 4
702 1542 761 1631 85,
791 1539 825 1610 in
856 1561 874 1630 5
907 1562 942 1629 4,
972 1539 1008 1610 in
1036 1549 1057 1610 6
1089 1541 1136 1609 88
1166 1540 1353 1634 leguntur,
1385 1563 1473 1610 cae-

178 1690 262 1737 sura
290 1664 546 1761 semiquinaria
572 1666 719 1756 114ie5,
749 1666 1055 1762 semiseptenaria
1083 1667 1181 1756 7ies,
1209 1681 1299 1760 post
1326 1664 1475 1743 tertium

178 1792 394 1865 trochaeum
419 1795 476 1867 bis
504 1811 634 1867 exstat.

285 1921 482 2016 Spondeus
509 1920 616 2020 igitur
644 1923 677 1995 in
710 1948 729 2014 3
763 1938 802 1994 et
830 1947 852 2012 4
881 1922 981 2016 pede
1011 1922 1175 2017 saepius,
1206 1946 1313 2016 quam
1342 1922 1474 2015 dacty-

175 2046 242 2137 lus,
272 2047 306 2120 in
336 2053 358 2119 6
387 2049 486 2145 pede
517 2076 626 2146 quam
655 2050 858 2124 trochaeus
887 2050 1070 2123 adhibitus
1099 2065 1166 2121 est.
1207 2048 1321 2138 Quod
1348 2074 1476 2143 quarn-

177 2200 286 2271 quam
313 2176 350 2249 in
377 2178 583 2251 universum
613 2206 660 2252 ex
688 2180 784 2251 omni
825 2177 972 2272 linguae
998 2178 1154 2250 Latinae
1196 2194 1321 2248 natura
1354 2194 1473 2271 atque

175 2301 300 2376 indole
328 2305 479 2400 pendet,
511 2323 633 2379 tamen
654 2306 833 2379 eiusmodi
861 2305 967 2403 leges
998 2306 1058 2378 diu
1078 2305 1294 2378 constitutas
1321 2304 1476 2376 arbitrio

177 2434 457 2532 uniuscuiusque
499 2435 576 2507 sere
610 2452 748 2532 poetae
785 2435 1007 2507 conformari
1045 2451 1083 2505 et
1120 2433 1336 2528 temperari,
1376 2431 1475 2504 Dro-

178 2561 341 2634 bischius
370 2581 409 2637 et
437 2560 722 2665 Hultgrenius1)
751 2559 955 2635 luculenter
983 2562 1290 2633 demonstrarunt.

285 2690 407 2787 Magis
436 2692 546 2763 etiam
575 2692 719 2764 Horatii
748 2717 808 2763 ars
836 2692 869 2762 in
901 2713 919 2782 5
954 2690 1053 2786 pede
1084 2688 1275 2761 formando
1304 2705 1477 2782 apparet.

179 2817 313 2913 Neque
354 2819 447 2892 enim
491 2820 698 2915 spondeum
740 2817 854 2891 voluit
894 2819 1107 2905 admittere,
1148 2815 1215 2887 nisi
1250 2840 1405 2910 perraro
1443 2817 1480 2888 in

179 2942 426 3041 tetrasyllabis
464 2947 668 3018 nominibus
700 2946 856 3042 propriis
892 2944 954 3018 vel
989 2943 1177 3041 adjectivis
1214 2968 1236 3014 a
1269 2942 1479 3017 nominibus

181 3074 338 3169 propriis
367 3074 542 3146 derivatis
561 3071 602 3176 ²),
639 3073 778 3147 scilicet
802 3073 875 3146 his:
906 3100 966 3169 ep.
1010 3097 1093 3166 13,9
1123 3071 1318 3164 Cyllenea;
1362 3077 1477 3167 16,17

182 3200 461 3292 Phocaeorum,
503 3213 613 3293 16,29
650 3203 913 3298 Appenninus,
949 3227 1059 3275 carm.
1093 3201 1122 3286 l,
1157 3201 1224 3288 28,
1265 3222 1277 3269 1
1312 3198 1479 3275 Orionis

183 3329 277 3400 Tam
306 3354 476 3402 severam
504 3355 668 3404 normam
698 3348 893 3427 poetarum
914 3330 1142 3402 Graecorum
1170 3345 1336 3399 veterum
1365 3353 1481 3401 nemo

127 3502 128 3506 =
182 3455 250 3529 sibi
291 3457 602 3553 praescripserat,
652 3459 721 3531 sed
762 3483 984 3554 quamquam
1026 3454 1241 3553 plerumque
1284 3452 1481 3548 dactylum

181 3586 385 3679 ponebant,
415 3602 538 3659 tamen
567 3613 590 3659 a
618 3586 788 3682 spondeo
816 3611 1051 3681 nequaquam
1081 3582 1337 3662 abhorrebant.
1380 3583 1482 3656 Con-

182 3713 329 3785 trariam
365 3726 475 3803 vero,
514 3741 624 3810 quam
657 3713 849 3802 HoratiuS,
887 3714 1065 3807 rationem
1098 3709 1262 3785 Catullus
1298 3709 1479 3803 adhibuit,

181 3914 441 3929 --·--d--......-.--

293 4013 310 4084 ¹)
330 4015 470 4064 Drobisch:
492 4015 540 4063 Ein
559 4016 720 4065 statistischer
737 4015 848 4063 Versuch
863 4015 923 4062 iiber
941 4016 981 4063 die
994 4016 1100 4063 Formen
1120 4015 1163 4062 cles
1181 4014 1223 4062 lat.
1243 4010 1411 4063 Hesameters
1432 4017 1474 4066 in:

181 4108 297 4157 Berichte
316 4110 376 4158 iiber
395 4108 420 4156 d.
439 4108 576 4156 Verhan'dl.
597 4109 620 4156 d.
641 4107 735 4172 kdnigl.
756 4107 835 4155 sachs.
851 4106 1017 4156 Gesellschast
1035 4107 1059 4154 d.
1073 4106 1157 4156 Wsch.
1172 4122 1201 4153 zu
1223 4106 1336 4170 Leipzig.
1374 4107 1483 4158 Philol-

182 4200 229 4249 hst.
249 4201 335 4252 Classe
357 4200 423 4250 1866
443 4217 468 4264 p.
489 4211 622 4263 75-139.
663 4199 730 4249 1868
748 4216 774 4264 p.
796 4199 906 4262 16065.

288 4294 325 4343 Cf.
346 4295 435 4344 etiam:
468 4294 549 4343 Ueber
577 4294 617 4342 die
646 4292 828 4341 Classification
858 4291 901 4340 der
931 4293 1038 4341 Formen
1068 4291 1112 4340 des
1142 4291 1282 4340 Distichon.
1314 4291 1377 4340 ibid.
1410 4292 1479 4356 1871

181 4405 204 4454 p.
230 4400 322 4450 1·-33
364 4387 430 4448 1872
450 4403 478 4449 p,
503 4384 587 4434 1-28
609 4381 767 4452 (Hultgren).

289 4477 308 4551 ἲ)
347 4480 427 4550 Epist.
449 4477 473 4526 Il
494 4477 570 4544 3,467
592 4479 667 4529 etiam
686 4476 843 4547 participium
866 4478 1051 4544 tetrasyllabum
1069 4478 1184 4536 admisit:
1204 4475 1337 4530 occidenti.
