3120 4838
644 271 855 329 ..13-

167 436 306 503 Latinae
327 437 480 521 impotem
510 458 580 503 esse
608 438 751 522 profiteri
782 438 953 517 contendit,
979 459 1092 504 revera
1118 446 1226 505 autem
1252 459 1325 503 con·

166 547 303 610 trarinm
324 545 388 629 legi
408 546 510 628 quivis
527 546 713 631 incorrupto
732 545 852 629 judicio
874 545 1039 631 praeditus
1065 546 1220 614 concedit.
1263 545 1325 610 At·

167 674 229 737 que
249 660 288 718 ut
308 651 496 719 Theodorus
511 654 707 720 Fritzschius
728 661 814 720 recte
829 654 965 720 Luciani
980 654 1076 719 verba
1096 655 1325 737 interpretatus

167 764 217 841 sit,
240 783 299 827 cur
313 764 450 846 scriptor
464 763 524 842 ille,
547 761 590 827 ad
607 784 702 846 quem
717 772 886 853 utrumqne
901 764 1033 828 rediisse
1051 762 1136 839 dicit,
1155 762 1325 846 Menippus

167 890 237 935 esse
257 870 382 949 debeat,
403 870 490 935 nullo
507 869 602 936 modo
617 870 743 954 probat.
780 869 855 935 Hoc
870 890 934 935 non
948 869 1037 954 prius
1052 869 1184 934 concedi
1198 869 1325 953 poterit,

169 999 266 1062 quam
278 978 532 1044 demonstratum
543 979 613 1060 erit,
625 978 697 1043 illos
707 979 794 1044 locos
805 977 993 1059 Lucianeos,
1004 978 1325 1062 quiincomparatio·

168 1106 241 1151 nem
259 1106 332 1151 cnm
347 1086 538 1153 Horatianis
559 1093 722 1169 vocantur,
747 1110 786 1152 ex
809 1087 952 1172 Menippi
972 1087 1060 1152 libris
1080 1087 1218 1168 fluxisse,
1240 1087 1326 1171 quod

168 1214 230 1278 pro
253 1200 340 1260 certo
363 1195 523 1278 explorari
546 1196 674 1260 omnino
700 1216 766 1260 non
790 1202 904 1279 potest,
933 1217 1005 1261 cum
1025 1195 1169 1281 Menippi
1197 1196 1326 1279 scripta,

169 1303 280 1385 paucis
303 1302 489 1386 fragmentis
512 1304 662 1387 exceptis,
686 1304 792 1368 omnia
813 1304 976 1388 perierint.

272 1407 408 1475 Cautius
429 1409 638 1476 Hermannus
659 1410 870 1493 Fritzschius,
901 1412 1092 1477 sententiam
1112 1431 1203 1477 suam
1220 1410 1326 1477 deien-

170 1517 259 1599 dens,
281 1519 328 1583 ita
348 1524 591 1602 argumentatus
613 1525 678 1584 est:
700 1519 771 1585 illas
793 1519 1013 1585 similitudines
1033 1519 1075 1585 ad
1096 1519 1230 1585 eundem
1252 1539 1327 1584 auc-

169 1631 283 1707 torem,
313 1646 376 1708 quo
402 1632 537 1710 uterque
558 1647 635 1691 usus
657 1634 748 1707 esset,
786 1627 970 1693 referendas
991 1649 1060 1693 esse
1081 1627 1326 1712 inde'intellogi,
1375 1704 1381 1715 ⁴

172 1731 259 1814 qnod
284 1730 447 1798 Lucienus
467 1732 643 1799 Horatium
672 1755 737 1799 non
765 1735 911 1802 novisset.
956 1734 1050 1820 Quod
1079 1756 1235 1819 apparere
1264 1737 1328 1820 pri·

172 1860 260 1904 mum
279 1861 319 1905 ex
340 1846 410 1906 tota
430 1840 515 1905 illius
538 1842 621 1907 vitae
644 1848 676 1907 et
705 1842 891 1908 eruditionis
917 1844 1050 1922 ratione,
1079 1842 1193 1908 deinde
1220 1863 1260 1907 ex
1289 1863 1328 1908 ea

171 1970 208 2014 re
227 1948 314 2032 quod
329 1947 492 2016 Graecam
515 1949 718 2031 rhetoricam,
741 1973 824 2034 quae
840 1972 965 2035 semper
978 1950 1199 2017 Romanorum
1222 1949 1328 2015 studia

173 2060 424 2143 contempsisset,
456 2057 611 2143 profitens
638 2060 755 2125 victum
784 2061 999 2144 quaesivisset,
1033 2065 1103 2125 tum
1134 2057 1208 2123 inde
1241 2058 1328 2142 quod

172 2168 318 2234 rhetores
332 2165 452 2235 Graeci
466 2167 511 2233 illi
530 2167 680 2250 aequales
694 2167 811 2233 Latine
824 2169 920 2252 plane
934 2168 1146 2248 nescivissent,
1165 2172 1328 2251 postremo

173 2275 247 2340 inde
259 2275 346 2358 quod
355 2275 462 2341 nullus
473 2276 506 2339 in
516 2275 652 2341 Luciani
664 2276 790 2360 scriptis
801 2277 995 2360 reperiretur
1003 2275 1100 2354 locus,
1116 2275 1170 2358 qui
1181 2275 1329 2340 notitiam

174 2389 231 2450 aut
243 2384 373 2468 linguae
387 2383 526 2450 Latinae
541 2390 599 2448 aut
613 2384 777 2468 scriptoris
792 2384 886 2450 ullius
901 2383 1041 2449 Romani
1056 2388 1190 2467 saperet.
1212 2381 1329 2466 Neque

174 2492 269 2558 ullius
291 2493 437 2559 diodonis
459 2492 628 2559 Romanae
650 2493 841 2558 mentionem
864 2491 933 2557 fieri
959 2493 1020 2557 nisi
1048 2493 1123 2570 eius,
1152 2511 1235 2573 quae
1258 2493 1329 2575 ipsa

174 2600 351 2668 aGraecis
374 2608 502 2685 sumpta
525 2605 615 2665 esset.
659 2599 800 2665 Nomina
813 2599 970 2676 Romana,
993 2621 1097 2666 mores
1110 2598 1277 2665 Romanos
1296 2602 1329 2665 in

175 2708 304 2776 Graeca
326 2709 502 2791 transferri,
522 2714 559 2774 ut
578 2708 662 2773 illius
677 2710 775 2793 ipsius
791 2731 905 2775 nomen
921 2711 954 2774 in
968 2711 1120 2792 Λυκῖνος,
1143 2706 1330 2776 Saturnalia

174 2819 208 2882 in
226 2810 362 2902 Κρόνια.
406 2817 572 2884 Historiae
592 2815 760 2883 Romanae
779 2819 913 2883 inscium
928 2817 1107 2883 Lucienum
1128 2816 1235 2899 fuisse,
1257 2839 1329 2883 cum

175 2926 277 2991 multa
308 2932 378 2991 tum
412 2925 484 2990 dial
512 2931 605 2989 mort.
633 2923 710 2989 XII
739 2926 859 2991 testari.
916 2923 1008 3010 Quae
1039 2926 1067 2989 si
1098 2928 1330 3007 reputaremus,

174 3035 377 3118 perspicuum
393 3054 471 3114 esse,
493 3032 666 3117 quomodo
682 3054 763 3097 unus
778 3032 830 3097 ille
845 3032 943 3114 locus,
960 3053 1022 3116 quo
1039 3032 1078 3097 dc
1090 3032 1199 3116 lingua
1210 3030 1330 3098 Latina

176 3139 344 3222 diceretur,
367 3161 427 3225 pro
449 3140 527 3224 laps.
549 3140 604 3206 int
626 3140 718 3206 salut.
741 3161 767 3207 c.
794 3143 832 3205 13
856 3139 894 3220 ,εἲ
922 3164 953 3207 τι
975 3134 1067 3224 xe’yoi
1088 3142 1144 3225 τῆς
1159 3130 1329 3223 Ῥωμαίων

176 3249 291 3333 φωνῆς
311 3245 427 3313 taatoe‘
447 3246 706 3330 interpretandus
729 3253 819 3313 esset.
865 3246 992 3333 Nempe
1020 3247 1047 3313 εἰ
1075 3269 1139 3314 non
1157 3246 1330 3313 formulam

70 3366 75 3377 '
176 3355 400 3423 affirmatimis
422 3355 640 3440 accipiendum
656 3377 724 3422 esee
747 3378 792 3437 ,so
808 3358 918 3440 gewiss
934 3359 981 3423 als
999 3355 1050 3420 ich
1064 3355 1148 3421 auch
1162 3355 1330 3422 lateinisch

176 3465 340 3547 verstehe‘,
360 3465 417 3530 sed
438 3465 471 3528 in
488 3464 580 3529 vilem
601 3469 633 3528 et
656 3463 813 3530 abiectam
828 3466 1027 3546 sententiam,
1050 3485 1151 3545 ,wenn
1167 3462 1219 3527 ich
1237 3463 1329 3529 iiber·

176 3573 279 3657 haupt
300 3580 396 3639 etwas
417 3594 477 3638 von
499 3593 607 3637 eurem
628 3572 745 3638 Latein
767 3572 1021 3658 ausgeschnappt
1038 3570 1123 3636 habe
1145 3570 1211 3636 und
1232 3570 1329 3638 allen-

176 3681 250 3746 falls
278 3682 372 3764 salve,
406 3681 470 3747 bon
496 3682 579 3765 jour,
613 3681 678 3746 und
702 3681 783 3758 vale,
816 3682 920 3763 adicu,
951 3679 1193 3747 unterscheiden
1223 3678 1329 3749 kann‘.

177 3786 213 3854 A
228 3789 376 3874 Menippo
399 3794 506 3854 autem
530 3795 700 3873 utrumque
723 3811 768 3866 ea,
792 3810 874 3872 qnae
896 3787 1075 3854 eommunia
1097 3793 1181 3868 sunt,
1204 3791 1330 3853 mutua·

178 3902 247 3963 tum
268 3919 344 3979 csse,
365 3898 438 3964 ideo
459 3897 667 3963 Hermannus
688 3897 882 3963 Fritzschius
905 3899 1061 3982 opinatur,
1090 3895 1166 3978 quia
1188 3900 1225 3959 ut
1246 3895 1330 3961 inter

177 4005 362 4085 Lucianum,
377 4006 523 4091 Menippi
537 4007 774 4088 aemulatorem,
796 4010 828 4069 et
842 4004 1027 4086 Horatium,
1048 4004 1093 4068 ita
1109 4001 1329 4070 similitudines

177 4114 376 4180 intercedant
395 4115 479 4180 inter
497 4112 651 4182 Varronis
670 4121 797 4180 saturas
812 4110 1008 4198 Menippeas,
1029 4111 1107 4176 item
1129 4110 1171 4175 ad
1187 4108 1330 4197 Menippi

179 4218 355 4307 exemplum
374 4223 520 4307 scriptas,
543 4230 576 4289 et
593 4223 802 4290 Horatianas.

280 4329 380 4396 Plura
402 4338 510 4397 autern
532 4338 645 4397 contra
666 4331 725 4398 has
745 4329 886 4396 rationes
909 4328 1043 4395 dicenda
1064 4333 1154 4394 sunt:
1182 4327 1328 4395 Primum
1438 4416 1440 4421 Ι
