3120 4838
708 220 749 282 41

75 416 397 491 intricatissimam.
462 417 706 491 Archilochus
741 420 834 491 enim
871 437 908 491 et
947 418 1184 493 Alexandrini
1223 423 1307 517 quin
1345 423 1379 494 in

77 546 121 617 iis
158 546 389 629 carminibus,
427 572 580 641 quorum
609 564 727 618 metra
755 546 931 619 Horatius
959 548 1152 643 expressit,
1181 565 1220 619 ut
1248 551 1382 643 ἐπῳδοί

79 671 326 769 appellantur,
359 675 408 745 ita
440 700 481 745 re
516 700 604 747 vera
642 701 763 769 aeque
800 692 912 770 atque
945 676 980 746 in
1009 676 1172 748 distichis
1202 672 1378 773 elegiacis

81 801 222 874 sactum
251 818 321 889 est,
350 802 456 874 binos
486 828 615 875 versus
644 820 849 898 systemate
879 804 1059 898 complexi
1085 803 1156 876 sint
1183 803 1258 876 sive
1285 803 1380 876 haec

82 930 249 1003 carmina
277 933 419 1011 (lincoln,
448 956 545 1026 quae
573 932 713 1003 metrici
732 947 876 1013 vocant,
905 957 990 1003 esse
1009 928 1203 1020 voluerint,
1232 931 1380 1004 dubium

81 1084 172 1130 esse
209 1083 283 1130 non
319 1074 450 1154 potest
484 1085 604 1154 neque
640 1058 833 1155 quisquam
869 1059 1010 1147 adhue,
1054 1076 1230 1155 quantum
1269 1060 1381 1132 video

80 1186 280 1259 dubitavit.
338 1187 394 1259 Cf.
426 1187 633 1281 Hephaest.
664 1212 695 1262 c.
727 1194 750 1259 ὁ
780 1213 816 1282 p.
851 1187 969 1280 71W.
1023 1186 1217 1259 Horatium
1247 1187 1381 1261 eadem

79 1314 231 1387 ratione
268 1330 405 1387 tantum
439 1315 473 1388 in
503 1315 653 1411 epodis,
698 1315 758 1411 qui
795 1315 944 1411 proprie
986 1313 1235 1411 appellantur,
1278 1341 1382 1389 usum

81 1469 192 1527 esse,
240 1458 370 1515 contra
422 1443 584 1516 carmina
633 1469 699 1516 sua
739 1458 868 1515 cuncta
912 1459 1170 1539 quaternorum
1211 1468 1382 1517 versuum

82 1570 248 1666 strophis
285 1572 540 1667 composuisse
577 1570 783 1644 Meinekius
818 1570 871 1672 (in
908 1572 1069 1644 editione
1118 1597 1185 1644 sua
1222 1572 1380 1668 Horatii)

84 1715 128 1771 et
168 1699 427 1771 Lachmannus
447 1700 473 1795 ¹)
517 1699 619 1795 primi
661 1700 936 1772 contenderunt.
1001 1700 1122 1792 Quam
1160 1700 1384 1774 sententiam

85 1823 151 1899 vel
185 1828 319 1923 legem,
355 1853 466 1923 quam
504 1842 677 1900 auctores
713 1827 908 1912 nominant,
936 1827 999 1900 viri
1029 1827 1130 1901 docti
1157 1829 1291 1924 passim
1321 1846 1385 1903 aut

84 1972 313 2051 acceperunt
348 1973 410 2028 aut
442 1957 670 2049 reiecerunt3
701 1974 813 2051 atque
840 1981 981 2045 omneS,
1011 1957 1072 2052 qui
1100 1983 1204 2030 suum
1233 1957 1381 2030 dehac

85 2084 310 2179 quaestione
349 2084 517 2157 iudicium
552 2084 710 2180 professi
739 2098 838 2169 sunt,
868 2085 1053 2156 hocloco
1083 2085 1268 2156 nominare
1299 2085 1383 2157 mihi

83 2212 124 2284 in
156 2212 279 2284 animo
307 2236 381 2285 non
409 2228 468 2285 est
495 2237 577 2302 nee,
608 2213 637 2284 si
665 2214 811 2298 vellem,
841 2236 1010 2307 possem;
1039 2211 1230 2286 nonnullos
1259 2231 1385 2286 tamen

84 2339 206 2412 affere
236 2365 309 2413 non
336 2338 491 2414 alienum
519 2340 672 2415 videtur.
721 2338 847 2435 Atque
875 2365 953 2413 cum
982 2341 1170 2414 Meinekio
1200 2359 1239 2415 et
1268 2344 1384 2415 Lach-

85 2492 225 2541 manno
254 2468 390 2541 faciunt
416 2469 590 2564 imprimis
618 2467 750 2555 Christ,
782 2467 828 2540 G.
850 2466 1056 2542 Herrmann
1075 2468 1116 2564 2),
1147 2470 1188 2545 L.
1218 2467 1384 2556 Mueller,

84 2595 235 2684 Nauck,
258 2595 521 2681 Orelli-Baiter,
540 2594 966 2691 Rossbach-Westpha13
986 2597 1021 2668 in
1041 2597 1190 2670 diversa
1210 2599 1384 2694 opinione

85 2741 176 2797 sunt
226 2721 502 2820 Dillenburger,
556 2721 859 2810 Keller-Holder,
913 2724 1032 2797 Ritter
1081 2752 1149 2799 nec
1199 2726 1385 2801 Hofmann

87 2850 385 2949 PeerlkampiuS,
429 2879 539 2948 quem
581 2853 611 2925 si
652 2849 775 2947 legem
819 2877 921 2924 suam
960 2854 1145 2949 cognitam
1185 2855 1384 2941 habuisset,

89 2981 179 3077 quin
217 2982 463 3077 compluribus
499 2980 587 3054 locis
625 2980 829 3052 cautiorem
866 2980 1026 3053 criticum
1062 3007 1104 3054 se
1137 2982 1383 3078 praebuisset,

87 3108 300 3182 Meinekius
341 3109 496 3181 dubitari
538 3135 611 3182 non
653 3133 767 3204 posse
810 3110 1053 3181 contenderat
1070 3105 1109 3205 3),
1152 3111 1186 3182 in
1219 3114 1386 3185 secunda

88 3237 256 3311 editione
296 3235 431 3335 (1862)
469 3239 502 3310 ei
533 3234 773 3333 adstipulatus
801 3254 877 3326 est,
907 3237 1068 3332 denique
1096 3238 1256 3310 medium
1285 3240 1386 3335 quid-

90 3369 180 3439 dam
214 3366 309 3438 inter
337 3380 512 3461 utrosque
541 3366 743 3440 Teuffelius
771 3366 946 3461 imprimis
973 3383 1089 3455 tenet,
1119 3367 1180 3462 qui
1208 3367 1241 3439 in
1270 3367 1385 3442 tribus

89 3494 276 3590 prioribus
305 3495 500 3568 carminum
527 3494 626 3567 libris
645 3492 838 3565 Horatium
866 3509 1005 3566 tantum
1026 3495 1186 3567 carmina
1205 3493 1386 3569 tetracola

88 3623 276 3720 posuisse,
315 3622 348 3693 in
377 3639 508 3717 quarto
537 3624 584 3694 ab
617 3621 687 3693 hac
720 3645 850 3695 norma
877 3622 1079 3694 recessisse
1108 3647 1177 3717 pro
1204 3622 1385 3696 verisimili

87 3751 217 3824 habet.
293 3749 431 3823 Verum
484 3767 523 3824 et
573 3748 779 3822 Meinekius
829 3764 866 3823 et
912 3751 1167 3823 Lachmannus
1216 3751 1251 3821 in
1296 3751 1385 3826 solis

91 3879 251 3952 numeris
272 3879 428 3950 nituntur
448 3894 486 3951 et
504 3878 620 3951 ceteri
640 3903 772 3950 omnes
791 3903 1013 3951 consensum
1033 3903 1135 3949 suum
1155 3873 1217 3947 vel
1244 3876 1383 3952 dissen-

91 4008 234 4081 sionem
272 4008 390 4102 magis
425 4006 581 4102 professi
619 4022 702 4079 sunt
735 4006 797 4079 vel
829 4004 1095 4100 significarunt,
1126 4030 1236 4099 quam
1273 4008 1385 4080 certis

90 4137 319 4234 argumentis
362 4135 662 4231 comprobarunt.
732 4136 810 4209 Nec
852 4131 998 4206 multum
1035 4154 1105 4228 pro
1144 4129 1385 4212 Lachmanno

199 4335 216 4405 ¹)
237 4335 358 4391 Zeitschr,
380 4334 396 4384 f.
415 4331 627 4383 Altertumswsch.
652 4328 717 4394 1845
738 4350 763 4397 p.
782 4330 842 4393 481.

196 4424 216 4493 ²)
236 4427 355 4492 Epitome
373 4424 450 4475 doctr.
470 4432 538 4475 metr.
559 4443 585 4491 p.
606 4436 659 4488 243
678 4432 703 4473 et
724 4425 779 4474 aliis
797 4424 868 4475 loeis.

196 4517 216 4589 ³)
236 4521 262 4569 iu
281 4518 398 4570 editionis
415 4518 539 4571 secundae
560 4517 637 4589 praes.
660 4517 750 4566 XLIV.
