3120 4838
630 238 760 324 ,57

86 466 173 513 esse
202 456 387 536 putemus,
415 466 437 513 e
459 439 597 513 Caesio
617 442 735 514 Basso
763 441 925 514 nimirum
954 452 992 510 et
1010 437 1109 528 Iuba,
1140 438 1241 521 cuius
1268 439 1382 511 instar

87 567 195 641 uobis
228 569 322 642 Marss
357 568 568 642 Victorinus
604 586 678 659 est,
715 570 775 665 qui
809 595 856 642 ex
889 566 951 641 illo
983 591 1050 639 sua
1081 566 1208 639 hausit
1263 566 1382 641 Unum

88 711 210 768 autem
241 696 366 769 vitium
399 698 581 793 Bergkius
616 712 738 784 recte,
770 698 805 771 ni
839 694 964 785 lallor,
1001 695 1036 767 in
1067 720 1166 768 voce
1206 692 1378 768 ›melica‹

89 823 242 913 detexit,
273 821 427 897 alterum
456 826 491 899 in
524 827 659 899 ›inter‹
690 830 797 917 latet,
827 851 909 899 nam
937 823 1016 921 quis
1035 849 1193 920 unquam
1224 823 1383 896 carmina

93 951 208 1024 »inter
242 951 348 1025 binos
384 978 535 1026 versus«
577 955 731 1028 decurre
760 954 873 1027 dixit?
928 953 1129 1026 Praeterea
1161 976 1255 1026 vero
1288 951 1383 1024 inter

88 1104 233 1152 versum
262 1106 309 1152 ex
337 1079 497 1154 Horatio
527 1084 672 1155 allatum
700 1100 739 1155 et
773 1082 850 1154 eius
880 1080 1180 1177 explicationem,
1216 1096 1255 1152 ut
1287 1103 1382 1152 nunc

87 1209 213 1298 fertur,
234 1209 420 1282 excidisse
438 1226 548 1305 puto:
583 1209 721 1306 »prima
741 1211 814 1282 ode
834 1206 1052 1283 monocolos
1072 1222 1150 1280 est«
1183 1206 1244 1301 (cl.
1268 1212 1381 1298 297,6

86 1336 195 1409 tertia
223 1338 298 1409 ode
318 1335 463 1410 dicolos
489 1352 554 1411 est.
604 1340 717 1427 298,8
739 1353 870 1433 quarta
890 1361 1038 1433 quoque
1059 1331 1211 1408 dicolos
1243 1358 1378 1425 299,22

88 1463 214 1561 quinta
243 1464 318 1538 ode
348 1462 458 1567 cet),
493 1464 739 1562 quodminus
768 1465 890 1538 audax
917 1479 986 1551 est,
1014 1462 1099 1559 quia
1127 1459 1317 1558 complura
1343 1478 1382 1536 et

88 1592 123 1665 in
157 1592 466 1666 antecedentibus
503 1608 541 1664 et
574 1593 611 1666 in
645 1593 924 1689 insequentibus
959 1606 1089 1688 aperte
1128 1590 1264 1663 omissa
1300 1607 1382 1664 sunt

89 1719 126 1792 in
152 1719 341 1794 codicibus
369 1721 413 1795 cf.
440 1741 589 1813 294,25.
620 1740 676 1811 27.
709 1744 820 1815 295,2
858 1744 914 1795 10.
948 1725 1097 1812 29o‚16.
1134 1742 1190 1814 17.
1239 1718 1381 1811 Quibus

86 1848 301 1944 praemissis
329 1848 399 1921 iam
427 1863 544 1922 totum
578 1845 702 1921 locum
740 1849 790 1921 sic
826 1848 1020 1922 restituere
1064 1848 1206 1923 audeo:
1241 1846 1380 1923 <Prima

87 1976 165 2049 ode
183 1972 399 2050 monocolos
419 1993 498 2053 est>
514 2034 522 2048 .
537 1974 815 2072 (asclepiadeon
838 1991 982 2049 metron
999 1992 1158 2063 vocatur,
1184 2000 1256 2049 non
1280 1976 1381 2071 quod

86 2119 260 2199 repertor
292 2104 368 2176 eius
401 2101 651 2200 Asclepiades
687 2104 815 2193 suerit,
851 2104 920 2176 sed
958 2103 1059 2199 quod
1092 2129 1139 2177 eo
1173 2101 1381 2177 familiarius

86 2247 129 2305 et
156 2231 380 2327 frequentius
411 2232 459 2304 sit
492 2258 588 2306 usus.
628 2248 714 2306 ante
749 2232 848 2304 illum
885 2231 980 2303 enim
1014 2257 1100 2304 usus
1127 2229 1304 2315 Alcaeum
1342 2245 1382 2304 et

84 2359 246 2455 Sappho
273 2360 346 2431 hoc
373 2360 520 2458 integro
548 2386 615 2433 usa
643 2375 702 2433 est
728 2360 763 2433 in
791 2357 883 2433 libro
912 2359 1050 2455 quint0,
1079 2359 1149 2432 sed
1176 2385 1244 2455 per
1271 2358 1380 2431 binos

81 2512 218 2561 versus
247 2487 441 2561 decurrunt
467 2485 584 2590 μέλη).
616 2486 686 2561 alia
713 2486 953 2584 systematica
980 2503 1074 2577 sunt,
1102 2486 1173 2559 hoc
1201 2502 1259 2559 est
1287 2486 1380 2559 binis

81 2618 148 2688 vel
188 2614 303 2688 tribus
343 2613 402 2688 vel
445 2632 618 2711 quattuor
656 2615 822 2688 versibus
865 2630 1074 2689 constant«.
1138 2615 1221 2687 Hoc
1263 2612 1378 2686 modo

82 2740 222 2816 Atilius
249 2757 287 2816 et
312 2744 440 2840 reliqui
467 2743 627 2833 metrici,
664 2767 760 2840 quos
788 2768 900 2839 supra
928 2742 1047 2831 attuli,
1082 2743 1179 2815 bene
1215 2741 1308 2815 inter
1335 2767 1378 2815 se

81 2870 332 2946 conciliantur.
376 2869 538 2962 Deinde,
567 2872 597 2945 si
625 2897 720 2967 quae
741 2871 843 2944 uncis
862 2871 1028 2944 rotundis
1047 2867 1173 2944 inclusi
1201 2870 1378 2955 omiseris

81 2998 218 3073 Atilius
252 2997 396 3072 brevius
423 2998 538 3086 idem,
572 2999 672 3096 quod
700 2996 844 3095 longius
872 2998 1008 3072 Marius
1035 2999 1162 3090 tradit,
1192 2998 1379 3072 —ambo

79 3128 249 3202 nimirum
276 3127 400 3200 Iubam
429 3127 559 3204 secuti:

260 3310 350 3383 Mar.
379 3312 518 3386 Victor.
552 3322 699 3405 160‚33.
899 3308 903 3433 l
940 3309 1028 3385 Atil.
1057 3313 1160 3387 Fort.
1202 3333 1359 3402 295‚19:

137 3445 259 3518 Prima
293 3446 400 3543 igitur
434 3446 601 3520 eiusdem
643 3446 716 3519 ode
752 3471 875 3519 mono·
971 3440 1113 3515 <Prima
1146 3437 1219 3511 ode
1250 3462 1376 3508 mono-

80 3574 190 3647 colos
224 3572 423 3663 inducitur,
466 3574 504 3647 id
539 3589 597 3647 est
627 3574 729 3646 unius
771 3573 876 3683 metri
921 3567 1025 3644 colos
1065 3576 1167 3641 est>.
1207 3560 1278 3638 alia
1311 3568 1378 3657 (sc.

79 3700 261 3798 qualitate
290 3701 509 3796 composita.
539 3701 609 3776 sed
638 3718 677 3774 et
706 3728 752 3774 ea
779 3726 874 3797 quae
921 3702 1022 3795 μέλη)
1033 3693 1271 3791 systematica
1280 3709 1377 3782 sunt,

79 3828 188 3901 unius
233 3828 382 3925 generis
427 3829 566 3903 habent
610 3827 695 3902 cola
739 3829 876 3902 eadem
920 3831 994 3901 hoc
1020 3844 1081 3899 est
1106 3823 1199 3897 binis
1227 3817 1286 3891 vel
1320 3821 1377 3895 tri-

79 3953 338 4054 appellatione
377 3973 589 4045 censentur,
628 3957 775 4030 dicoloe
814 3984 873 4030 au·
921 3959 988 4029 bus
1013 3951 1075 4027 vel
1101 3965 1274 4050 quattuor
1292 3975 1375 4022 ver-

76 4103 156 4160 tem
200 4086 368 4167 duorum,
411 4082 575 4158 similiter
616 4085 773 4159 tricoloe
813 4083 875 4159 vel
920 4085 1020 4159 sibus
1071 4094 1249 4153 constant.
1303 4077 1378 4152 hoc

77 4208 292 4288 tetracoloe
326 4211 432 4284 trium
466 4237 533 4286 seu
561 4228 733 4310 quattuor
758 4241 872 4313 gene·
946 4226 1097 4285 metrum
1137 4207 1281 4279 videtur
1327 4232 1350 4278 a

77 4366 159 4414 rum
180 4339 399 4415 diversitate
415 4342 624 4418 subsistunt.
643 4343 759 4438 prima
778 4369 872 4443 ergo
918 4354 1152 4439 pentametro
1215 4335 1376 4431 epodico

79 4468 157 4541 ode
184 4483 226 4540 ut
254 4468 403 4564 quidam
422 4486 558 4563 putant
584 4498 608 4544 a
632 4488 873 4567 pentametro
917 4486 1042 4543 natum
1067 4481 1143 4540 cet.

80 4596 246 4701 nascitur
273 4614 340 4670 cet.
