3120 4838
684 98 907 209 „25-

209 315 247 380 0.
272 315 291 379 Ι
315 317 400 402 221.)
446 317 648 401 Quartum
672 321 721 383 est
744 343 844 402 genus
869 342 988 400 eorum,
1015 342 1099 405 quae
1123 343 1286 399 ,accusare
1303 346 1377 386 con·

209 405 372 470 ‹lemnare‘
404 409 453 471 vel
482 410 681 472 contrarium
705 409 868 495 sonant:¹)
893 431 956 494 quo
982 411 1014 472 in
1038 431 1154 490 genere
1178 410 1315 474 Plautus
1340 435 1376 475 eo

209 495 365 576 procedit,
390 504 426 560 ut
450 499 547 560 etiam
570 498 670 561 verba
693 498 911 580 prehendendi
936 505 967 561 et
992 519 1073 582 quae
1097 499 1194 560 simili
1219 507 1294 562 sunt
1314 502 1376 581 sig-

208 583 392 648 nificatione
416 608 489 649 cum
513 588 669 670 genetivo,
696 592 872 667 construat,
898 592 935 650 ut
959 586 1079 649 Bacch.
1105 592 1185 651 boo:
1222 588 1300 668 ,ooli
1318 611 1376 670 ego

209 671 386 753 deprensus
422 681 519 740 sum‘:
562 674 615 763 [cf.
652 677 750 739 etiam
779 675 857 758 ejsd.
888 675 952 740 fab.
978 698 1007 738 v.
1032 679 1114 740 489:
1141 683 1187 753 ,ut
1210 677 1375 740 mulierem

210 762 327 842 capitis
352 786 415 827 nou
439 764 599 846 perdam‘:
626 764 665 827 de
689 764 806 848 quibus
823 788 851 827 v.
870 763 998 843 Schaaf,
1025 765 1045 827 l.
1061 786 1087 827 c.
1105 787 1180 846 pgg.
1199 770 1240 827 43
1248 764 1375 853 --4r.]:

210 871 274 934 quo
299 861 424 933 spectat
448 851 485 918 O.
512 853 551 917 Π
578 857 667 937 14„:
693 852 875 931 ,damnatus
900 855 988 934 longi
1013 853 1156 916 laboris‘

299 940 323 1004 J
326 963 377 1004 arn
400 943 428 1006 si
452 943 499 1005 ita
522 942 630 1006 omnia
654 942 712 1005 illa
728 943 866 1023 genetivi
882 943 1029 1024 exempla
1047 964 1084 1005 ex
1101 942 1229 1022 iugenio
1246 942 1378 1025 linguae

212 1026 337 1093 latinae
365 1032 524 1113 originem
552 1031 724 1111 duxerunt,
758 1052 796 1093 ne
828 1053 925 1094 unam
954 1032 1084 1116 quidem
1115 1030 1205 1093 illam
1229 1030 1377 1102 formam,

211 1138 293 1200 quae
323 1120 484 1183 classibus
517 1119 625 1183 allatis
655 1120 753 1183 inseri
776 1140 840 1183 uon
864 1122 981 1202 potuit,
1008 1160 1048 1167 —
1074 1121 1222 1200 regnavit
1245 1120 1379 1202 populo-

212 1227 283 1269 rum
307 1246 351 1255 —
374 1209 588 1291 graecismum
611 1230 724 1289 sapere
748 1208 873 1272 confido
897 1210 1007 1295 putari
1031 1229 1139 1294 posse:
1171 1231 1246 1272 nam
1271 1231 1380 1294 quam-

216 1317 312 1379 quam
337 1297 441 1361 simile
464 1297 629 1380 prioribus
653 1297 674 1359 l.
699 1297 720 1362 l.
745 1299 946 1380 temporibus
971 1298 1152 1383 exemplum
1175 1319 1239 1360 non
1261 1298 1380 1360 inveni-

214 1389 283 1464 tur,
325 1392 433 1450 tamen
458 1390 459 1394 ’
480 1385 522 1450 ad
560 1386 809 1467 intellegendam
847 1388 1117 1450 constructionem
1156 1386 1381 1449 hellenismum

215 1473 364 1538 adhiberi
403 1475 474 1538 ideo
512 1497 594 1558 opus
632 1496 695 1538 non
735 1480 792 1554 est,
829 1477 906 1560 quia
934 1476 1055 1539 locutio
1084 1476 1141 1538 illa
1169 1497 1208 1538 ex
1236 1477 1380 1558 ipsarum
1456 1475 1460 1481 ’

215 1562 347 1626 illarum
371 1565 391 1629 l.
417 1565 437 1627 l.
463 1565 678 1646 genuinarum
701 1566 851 1643 analogia
868 1565 1014 1648 profecta
1038 1586 1106 1628 esse
1130 1570 1246 1647 potest.
1255 1562 1280 1646 ⁶²)

303 1651 353 1716 At
376 1675 411 1717 re
432 1674 519 1734 vera,
545 1654 573 1717 si
596 1653 726 1735 linguas
751 1660 783 1716 et
805 1652 959 1717 Latinam
980 1660 1012 1716 et
1028 1650 1186 1718 Graecam
1207 1654 1379 1730 intuemur,

213 1742 379 1822 miramur,
405 1742 491 1827 quod
515 1744 547 1806 in
571 1749 711 1827 utroque
735 1763 880 1805 sermone
903 1742 985 1805 tales
1010 1763 1047 1804 ac
1071 1742 1137 1805 fere
1161 1740 1263 1804 eidem
1288 1761 1380 1823 gene-

211 1830 269 1892 tivi
297 1852 361 1894 non
389 1832 503 1914 paucis
534 1832 640 1895 verbis
672 1837 896 1913 apponantur:
931 1852 1029 1916 quare
1053 1832 1131 1915 quia
1154 1837 1313 1915 quatenus
1338 1831 1381 1891 sit

211 1918 381 2002 probanda
409 1920 558 1984 doctrina
586 1921 838 2001 graecismorum
862 1919 1006 2004 quidque
1030 1920 1158 2000 ingenio
1183 1924 1382 2002 naturaeque

212 2009 233 2073 l.
258 2008 279 2073 l.
304 2009 534 2073 vindicandum
562 2011 605 2072 sit
642 2009 790 2087 vidimus,
830 2031 892 2072 nou
926 2009 993 2091 jam
1028 2030 1146 2090 gravor
1181 2006 1380 2084 contendere,

212 2102 395 2162 structuras
426 2100 500 2162 illas
527 2138 571 2146 —
603 2098 689 2184 quod
714 2098 799 2161 idem
829 2099 965 2181 jamjam
988 2097 1151 2160 Haustein
1177 2095 1210 2184 [l.
1236 2118 1263 2159 c.
1288 2096 1380 2177 impr.

212 2207 265 2272 pg.
294 2183 348 2273 14]
374 2187 414 2250 de
437 2188 594 2269 genetiuis
619 2187 834 2270 adjectivis
858 2186 1109 2251 accommodatis
1132 2186 1260 2249 locutus
1278 2191 1326 2247 est
1341 2222 1381 2229 —

213 2296 281 2338 esse
304 2275 599 2359 indogernanieas,
636 2278 657 2339 i.
683 2297 708 2340 e.
735 2297 774 2339 ex
809 2277 866 2339 illa
902 2277 1015 2358 lingua
1050 2282 1208 2353 servatas,
1246 2296 1284 2336 ex
1319 2294 1383 2357 qua

213 2365 317 2450 ,quasi
353 2367 513 2430 communi
548 2371 664 2430 matre‘
699 2371 731 2429 et
767 2362 895 2430 Graeca
929 2374 960 2428 et
995 2364 1118 2427 Latina
1152 2363 1264 2444 lingua
1299 2384 1382 2424 ema-

213 2453 320 2519 navit:
349 2438 433 2540 quad
455 2477 527 2520 mea
551 2457 737 2539 conjectura
760 2454 910 2517 firmatur
930 2475 968 2516 ea
990 2474 1034 2531 re,
1061 2452 1147 2538 quod
1169 2451 1261 2513 rideo
1284 2451 1382 2513 etiam

213 2544 246 2608 in
270 2544 382 2627 lingua
411 2546 571 2609 sanserita
599 2545 681 2609 tales
710 2545 875 2624 genetivos
904 2561 1060 2627 persaepe
1084 2539 1189 2603 verbis
1214 2538 1381 2623 apponiss)

301 2633 452 2716 Formae,
478 2656 561 2716 quae
586 2640 716 2698 exstant
739 2632 778 2699 Ο.
804 2631 861 2695 III
887 2635 978 2714 13„:
1004 2629 1110 2707 ,Fies
1129 2678 1136 2692 .
1155 2628 1326 2691 .fontium‘
1351 2634 1382 2690 et

213 2723 275 2805 Ep.
301 2722 319 2785 I
343 2729 410 2808 9„:
447 2723 573 2805 ,Scribe
601 2724 720 2805 gregis‘
752 2721 915 2803 genetivos
944 2718 1000 2800 qui
1032 2738 1098 2782 voc.
1134 2718 1309 2799 partitivos
1333 2716 1382 2778 vel

213 2814 411 2894 possessivos
448 2812 601 2877 exhibent
637 2832 740 2894 neque
764 2810 835 2873 ideo
860 2807 1033 2892 generibus
1058 2805 1151 2869 modo
1176 2805 1287 2868 allatis
1312 2827 1381 2887 per-

212 2902 396 2967 miscendas
419 2909 503 2966 sunt.
517 2899 543 2985 4)

307 3116 328 3183 ¹)
348 3115 382 3169 cf.
402 3114 464 3167 Liv.
486 3113 512 3166 V
532 3117 578 3167 28:
613 3112 689 3180 ,quin
709 3111 769 3163 siue
788 3127 868 3162 mora
887 3109 947 3161 voti
967 3109 1159 3172 liberaretur,
1183 3104 1253 3157 XLI
1275 3108 1319 3157 19:
1340 3122 1381 3155 se-

213 3192 295 3239 natus
314 3204 366 3239 nec
386 3186 519 3239 liberavit
538 3186 598 3253 ejus
617 3184 717 3252 culpae
731 3200 842 3250 regem3
863 3182 933 3234 alios
954 3179 1079 3249 ejusdem
1100 3179 1195 3245 script.
1209 3178 1286 3229 locos
1300 3175 1383 3227 affert

213 3257 306 3311 Rudd.
348 3276 374 3310 σ.
396 3261 445 3311 119
476 3301 480 3310 .

302 3277 384 3383 Hldllc
404 3284 555 3382 accidsandi
576 3346 619 3380 vv.
640 3325 880 3379 constructionem
898 3322 1004 3375 forensi
1018 3339 1068 3374 usu
1082 3321 1269 3372 inveteratam
1283 3323 1384 3386 postea

213 3401 298 3453 latius
317 3401 459 3468 latiusque
479 3400 519 3452 ita
538 3416 678 3460 manasse,
708 3402 740 3449 ut
763 3396 850 3447 verba
873 3395 924 3447 illa
953 3394 1039 3446 etiam
1067 3392 1102 3443 ab
1131 3391 1245 3458 optimis
1274 3389 1384 3440 Latini-

213 3473 281 3524 tatis
311 3473 496 3540 scriptoribus
525 3487 637 3538 semper
664 3469 724 3521 sere
753 3486 816 3520 cum
840 3467 974 3534 genetivo
1004 3468 1219 3530 usurparentur,
1251 3461 1313 3527 quis
1342 3465 1384 3512 est

234 3544 282 3595 uin
302 3543 392 3597 sciat?

214 3562 232 3612 q
304 3614 328 3683 ²)
348 3615 382 3668 cf.
403 3614 540 3666 Ziemer
562 3608 867 3680 ,junggrammatische
887 3607 1041 3674 streifziigc
1061 3605 1098 3656 im
1118 3603 1231 3669 gebiete
1252 3603 1302 3654 der
1321 3620 1384 3667 syn·

214 3691 277 3738 tax“
299 3704 345 3755 pg.
366 3690 399 3740 la
420 3685 483 3738 coll.
504 3703 550 3752 pg.
571 3687 604 3736 ⁷0¹2
625 3681 738 3750 idionis
757 3679 917 3746 liiiufigeres
936 3682 1017 3744 etc.);
1047 3675 1102 3728 Sed
1122 3683 1199 3727 errat
1218 3673 1253 3727 V.
1272 3673 1306 3724 D.
1327 3674 1384 3732 ille,

214 3757 290 3824 quod
303 3775 349 3826 pg.
364 3760 398 3810 98
412 3757 499 3809 etiam
512 3754 737 3808 constructiones
758 3751 834 3814 „voti
855 3756 994 3812 ,votorum
1015 3754 1043 3801 et
1062 3746 1189 3798 danmari
1209 3749 1238 3797 et
1251 3744 1384 3797 liberari‘

214 3828 484 3897 ‚analogiebildung‘
511 3826 593 3879 dicit:
623 3843 695 3892 quae
721 3823 834 3891 quidem
859 3821 946 3872 rerba
966 3821 1025 3887 jam
1054 3817 1210 3884 antiquitus
1229 3833 1252 3868 c.
1273 3833 1299 3882 g.
1319 3835 1385 3868 con-

214 3905 323 3953 structa
342 3898 639 3964 constructionemque
663 3896 741 3947 illam
770 3894 921 3961 probatam
951 3891 1067 3958 propria
1097 3890 1115 3940 l.
1147 3889 1165 3940 l.
1197 3893 1299 3939 natura
1328 3905 1385 3939 ser-

214 3976 309 4024 vatam
329 3988 387 4024 esse
408 3969 553 4023 cotidiano
573 3987 624 4021 usu
644 3984 729 4034 supra
747 3965 878 4016 vidimus.

305 4043 328 4111 3)
348 4041 382 4095 cf.
402 4040 608 4093 Delbrueck
628 4039 645 4093 l.
659 4056 682 4091 o.
696 4039 875 4105 maso-rm
896 4032 1034 4094 Siccha,
1055 4031 1106 4094 „de
1121 4034 1214 4099 genet.
1229 4030 1258 4080 iu
1277 4029 1385 4111 lsans·

214 4113 286 4166 crita
305 4114 443 4181 imprimis
463 4111 563 4164 vedica
583 4118 665 4174 usu“,
686 4109 749 4161 diss.
771 4108 866 4174 inaug.
888 4105 981 4158 Berol.
1004 4108 1069 4156 1869
1089 4121 1137 4170 pg.
1158 4105 1191 4156 32
1211 4119 1270 4167 sqq.
1291 4105 1385 4168 (impr.

213 4203 261 4253 pg.
281 4188 328 4323 dp)
343 4189 385 4307 bill
402 4185 523 4325 {ligi-{l
545 4253 645 4306 eodem
670 4250 755 4303 modo
775 4252 971 4301 constructum
991 4250 1033 4298 est
1052 4245 1169 4296 verbum
1191 4243 1341 4306 ,dedicare‘
1363 4263 1385 4300 e.

213 4345 277 4404 gen,
297 4327 327 4387 in
346 4333 529 4390 monumento
549 4322 730 4388 Furfonensi,
751 4320 785 4375 cf.
805 4319 926 4378 Jordan.
946 4318 964 4372 l.
984 4334 1007 4370 c.
1026 4334 1074 4392 pg.
1094 4320 1143 4372 ¹251
1165 4314 1239 4369 med.
