3120 4838
670 150 789 244 -.¹-¹⁵

165 352 238 431 ipso
260 350 400 416 diltmide
426 353 564 435 perspiei
587 360 710 439 petest,
733 354 817 435 tpuul
839 352 1029 437 aseneum)
1053 374 1126 419 rum
1143 354 1260 437 Apicio
1284 356 1354 444 illo,

165 472 227 532 epm
257 453 406 537 Augusti
440 462 475 520 et
504 457 627 522 'liberii
656 458 856 539 temporibus
884 475 983 539 nepos
1013 458 1117 523 rrtuior
1146 467 1221 525 erat
1250 480 1354 546 nemo,

166 564 385 639 eomparatur.
446 560 566 625 l'tnun
600 567 711 627 utitem
740 562 985 632 Nonuntmms.
1019 580 1102 626 turnus
1135 582 1174 627 en
1208 563 1354 631 rotn'iuis

165 657 350 747 Nasidieni,
379 662 464 728 idem
491 663 537 729 sit
564 684 681 750 nerim,
709 664 908 731 diiudieatm·
941 665 1028 729 lraud
1060 665 1176 750 tasilo,
1202 673 1353 735 attamen

166 781 226 827 ron
240 762 428 845 sapientis¹l
441 773 541 849 atrpte
555 768 734 852 Cremutiani
748 767 950 835 scholiastae
962 770 1023 834 sub
1035 767 1202 834 letmnate:
1230 769 1354 850 „indite

166 871 366 934 tumst-reret
378 870 498 954 digito}
510 870 776 938 ‹onunentariusz
805 870 940 950 „allusit
952 870 995 936 ad
1011 888 1129 936 ululent
1146 871 1353 958 lieitatimritu,

166 974 240 1034 erut
268 969 352 1035 etnm
381 974 610 1040 Notnmrtauus
640 974 839 1040 deontnanus
868 973 952 1039 oter
980 974 1081 1039 alium
1109 974 1352 1043 Nomentanum

166 1071 312 1139 indicate
336 1075 497 1142 ridentur.

261 1177 419 1244 Venitnus
442 1197 526 1244 num
551 1178 594 1244 ud
616 1178 772 1244 selrolium
797 1176 878 1242 illud
900 1177 1133 1261 Pmplpriouis
1156 1181 1199 1245 ad
1222 1203 1249 1249 s.
1271 1183 1301 1266 l,
1327 1188 1355 1262 l,

172 1284 231 1346 101
258 1284 374 1347 rerba:
400 1284 469 1355 ..th
491 1283 599 1349 uirum
621 1281 772 1347 Maenius
796 1288 856 1347 aut
879 1282 927 1347 sio
949 1289 986 1347 ut.
1008 1283 1236 1349 Nomentanus
1259 1289 1354 1370 ete.‚‘·

166 1385 251 1465 ‹prutrd
267 1384 315 1451 sio
331 1386 491 1453 lendium:
516 1388 577 1471 „la
602 1392 714 1451 aunem
737 1391 852 1451 eontra
869 1383 1009 1452 tmesius
1025 1386 1255 1453 Nomentanus
1271 1388 1354 1454 adeo

167 1487 236 1553 sine
265 1494 418 1571 respertu
445 1489 642 1555 utleulorum
673 1488 841 1575 prodigus,
871 1493 909 1555 ut
937 1488 1127 1556 sestertium
1157 1492 1353 1575 septuagies

167 1714 277 1760 eorum
301 1694 481 1760 Sallustius
505 1696 644 1779 Crispus
671 1696 884 1762 historiarum
907 1696 1049 1778 scriptor
1076 1696 1183 1765 fertur
1204 1699 1352 1765 eentenis

168 1797 298 1863 milibus
332 1797 479 1875 attinuis¹t
509 1800 700 1866 turrnlttetum
728 1799 916 1866 ttaboisser‘
961 1798 1196 1866 Dubitationes
1224 1801 1264 1868 de
1292 1803 1355 1869 irae

168 1901 384 1967 ademtatioue
407 1914 517 1968 turenae
541 1908 617 1969 sunt
640 1925 661 1970 a
684 1903 765 1971 uiris
794 1902 911 1988 doetis
939 1904 994 1984 qui
1022 1908 1081 1969 aut
1109 1905 1354 1972 Ntrrtrentanunt

167 2025 232 2071 non
247 2025 321 2071 esse
336 2025 508 2088 personam
520 2006 742 2093 Lneilianatn,
759 2014 819 2073 aut
835 2006 977 2073 alteram
993 2006 1082 2072 illius
1096 2006 1210 2073 scholii
1225 2013 1355 2092 partem

168 2109 291 2175 taleam
306 2128 380 2175 esse
402 2111 583 2176 atiinnant.
621 2111 675 2175 Au
698 2109 750 2177 his
773 2110 853 2176 viris
875 2109 992 2176 (locus.
1016 2109 1071 2191 <111¹
1093 2118 1215 2176 temere
1237 2112 1356 2178 scholi·

169 2219 329 2296 astarum,
342 2210 443 2277 etiarn
456 2211 690 2296 Porphyrionis
701 2212 797 2277 fidem
808 2210 1013 2299 imminuunt,
1026 2212 1172 2294 equidem
1184 2212 1356 2302 dissentio,

168 2334 365 2396 quatntpmm
388 2315 526 2381 eortoedo
549 2315 637 2398 apud
658 2315 743 2381 lutuno
758 2332 884 2395 duoque.
907 2313 1110 2401 scriptorem,
1133 2317 1247 2398 quales
1271 2338 1357 2386 nune

168 2419 325 2485 habemus
357 2417 428 2485 eius
463 2418 726 2505 contumentarios,
760 2418 828 2501 legi
860 2417 1034 2504 quaedam,
1067 2440 1151 2500 eptae
1183 2438 1356 2503 perperam

169 2522 284 2589 addit-a
308 2528 394 2590 stunt.

252 2628 372 2707 Itaque
399 2626 441 2692 ad
463 2626 673 2711 Berkermtd)
698 2626 861 2710 confugio,
884 2626 939 2707 qui
966 2627 1048 2691 haee
1070 2625 1113 2691 ad
1135 2625 1354 2694 selmliastam

167 2731 261 2797 illum
294 2730 529 2796 ‹telendendum
563 2730 702 2813 protert:
740 2729 880 2815 „Dieser
912 2727 1051 2795 libertus
1085 2729 1131 2793 ist
1164 2728 1198 2794 in
1233 2731 1358 2797 andere

167 2835 290 2899 Hi'urde
305 2836 571 2916 iibergegaugen.
595 2832 753 2898 naeltdetn
777 2830 847 2897 sein
863 2832 952 2896 Hem·
969 2831 1062 2897 Alles
1090 2832 1357 2916 durehgebraeltt

168 2937 272 3004 hatte..
311 2938 424 3003 Denkt
446 2955 522 3003 uttan
545 2934 615 3001 sieh
637 2954 703 3000 nun
717 2935 947 2999 Nomentanus
969 2934 1003 2999 in
1026 2934 1149 3000 diesem
1168 2936 1354 3024 Znstande,

168 3039 221 3105 bei
244 3040 316 3105 dem
339 3061 392 3106 tun
415 3042 532 3107 66011.
555 3061 581 3106 e.
605 3038 771 3119 erfolgten
794 3036 884 3103 Tude
907 3036 964 3102 des
988 3036 1148 3123 Imeilius,
1183 3044 1272 3106 etu'a
1302 3042 1356 3108 als

169 3145 298 3209 65-311
304 3143 457 3225 jahrigen
480 3144 593 3228 llann,
616 3162 652 3207 so
674 3143 797 3207 konnte
820 3139 990 3206 irnnterhin
1012 3141 1070 3206 der
1089 3141 1193 3224 ‚iunge
1216 3145 1356 3211 selm'el-

170 3245 321 3328 geriselte
335 3244 465 3312 Sallust
481 3245 550 3311 sich
566 3244 675 3311 seinen
691 3245 886 3310 erfalnenen
897 3242 992 3307 Koch
1006 3262 1070 3309 ron
1086 3245 1214 3312 30-40
1224 3247 1356 3314 ε1111111111

169 3348 391 3417 anselmtl’en.“
436 3350 532 3415 Hae-o
554 3357 606 3414 est
633 3367 712 3414 vera
740 3347 841 3433 tatio,
869 3367 934 3427 ‹pm
962 3345 996 3412 in
1024 3347 1243 3429 explicatione
1265 3351 1356 3419 illius

170 3455 284 3521 scholii
320 3456 473 3521 utemlmn
506 3451 599 3521 nobis
631 3458 697 3518 est.
733 3453 797 3519 etsi
830 3453 930 3519 aliter
963 3450 1131 3535 paululum
1166 3452 1356 3538 ratioeitmr,

170 3569 269 3640 atque
299 3561 476 3626 Beckerus.
522 3556 671 3625 Lucilius
695 3557 779 3622 enim
803 3579 833 3625 a.
865 3578 894 3625 u.
928 3559 989 3622 651
1020 3564 1167 3622 nonnos
1196 3564 1266 3645 est3
1302 3579 1356 3626 su-

170 3683 296 3729 mamus
332 3665 371 3729 11.
406 3662 561 3731 Cassium
595 3662 838 3728 Nomentanum
873 3661 940 3725 illis
975 3659 1173 3742 temporibus
1207 3660 1356 3729 iuvenem

169 3766 290 3850 viginti
312 3768 380 3833 fere
403 3765 544 3847 utrinque
567 3783 724 3830 anitiorum
748 3762 956 3847 l'ttisse‚tie1·i
979 3770 1120 3848 poterat,
1152 3769 1187 3829 ut
1211 3764 1356 3848 triginta

169 3872 220 3937 rel
254 3870 479 3953 ‹ptradragiuta
518 3867 613 3933 antus
653 3873 729 3951 post
762 3870 799 3936 (J.
824 3866 1005 3933 Sallustius
1040 3867 1192 3953 Crispus,
1225 3868 1355 3937 iuvenis

253 4062 275 4129 ¹)
295 4061 329 4115 de
348 4060 404 4114 rita
421 4059 511 4123 taeta,
530 4072 589 4125 rap.
609 4058 650 4113 tt.

254 4148 276 4212 ¹}
296 4166 318 4201 s.
340 4147 372 4213 u,
390 4148 415 4211 8,
433 4148 474 4201 ut

256 4234 278 4290 ³¹.
299 4231 407 4288 Seltolia
422 4229 675 4285 l'setrdoaeronimm
694 4235 721 4282 et
734 4227 887 4298 t'ruquiuua
907 4244 966 4281 rum
981 4227 1031 4281 here
1050 4227 1216 4297 conspirant,
1235 4237 1355 4300 praeter·

169 4333 249 4387 quarn
268 4319 341 4390 qtrod
362 4335 410 4389 pro
430 4314 559 4380 „attonis
580 4331 721 4384 perperam
739 4314 785 4368 illa
804 4313 915 4378 „aeris“,
934 4313 1001 4368 haee
1022 4313 1140 4370 muniis·
1161 4314 1272 4375 habent.

254 4407 276 4473 ¹)
296 4405 312 4459 1.
331 4404 358 4471 1.,
376 4420 402 4473 p.
421 4405 480 4459 372.
