3120 4838
808 177 847 223 22

177 373 216 444 sr.
250 377 295 445 28
325 375 364 445 B.
391 374 429 445 id
457 399 503 446 ne
531 374 695 448 dimetris
722 377 869 473 quidem
897 376 1139 471 perscriptum
1168 402 1252 447 esse
1280 376 1483 470 unusquis-

178 528 250 597 que
276 502 386 587 videt,
426 499 510 574 licet
551 503 639 598 quid
681 503 729 576 de
771 521 892 578 metro
933 502 1166 576 statuendum
1208 503 1265 590 sit,
1312 504 1485 576 nondum

178 629 266 701 satis
308 644 535 724 compertum
575 628 790 701 habeamus.
860 629 903 701 cl.
934 629 1147 727 Westphal²
1188 630 1215 702 ll
1241 657 1276 725 p.
1306 653 1385 724 457
1419 631 1484 705 fin.

177 757 304 850 Itaque
333 756 506 828 Horatius
534 757 643 829 etiam
672 756 708 828 in
735 784 781 829 ea
810 784 858 843 re,
887 774 925 831 ut
944 785 1015 833 non
1040 759 1105 831 nisi
1125 783 1248 831 meros
1268 759 1485 832 trochaeos

179 883 402 970 admitteret,
433 883 612 958 Alcaeum
642 886 873 981 expressisse
900 912 969 983 pro
999 885 1194 982 explorato
1222 887 1358 958 habeo.

286 1055 538 1129 Confidentius
567 1055 678 1128 etiam
708 1056 755 1127 de
784 1060 914 1145 altero,
945 1057 1004 1151 qui
1033 1057 1140 1130 nobis
1169 1059 1387 1130 tractandus
1419 1074 1484 1131 est

177 1209 287 1255 versu
329 1184 528 1270 trochaico
570 1183 618 1257 de
662 1183 818 1257 dimetro
857 1185 1042 1257 trochaico
1081 1211 1160 1258 cum
1188 1185 1368 1273 anacrusi,
1417 1188 1484 1282 qui

178 1310 350 1383 Alcaicus
377 1311 660 1407 enneasyllabus
690 1338 711 1382 a
740 1312 792 1385 rei
823 1313 997 1385 metricae
1027 1313 1265 1408 scriptoribus
1292 1312 1484 1408 appellari

179 1441 283 1522 solet,
325 1437 452 1512 Alcaei
490 1438 725 1511 imitationem
762 1454 926 1514 statuere
969 1467 1174 1536 possumus.
1240 1441 1390 1513 Tertius
1419 1458 1486 1515 est

177 1589 306 1637 versus
333 1567 509 1661 strophae
540 1563 723 1650 Alcaicae‚
761 1594 833 1672 qua
863 1569 1048 1653 Horatius,
1087 1585 1125 1642 ut
1152 1566 1266 1641 semel
1291 1567 1364 1641 hoc
1393 1567 1484 1642 loco
1530 1554 1533 1558 ¹

180 1717 403 1778 enumerem,
431 1693 527 1766 haec
556 1694 713 1805 carmina
751 1697 988 1791 conscripsit:
1030 1698 1043 1768 I
1072 1725 1106 1789 9.
1142 1703 1198 1769 16.
1235 1718 1288 1790 17.
1322 1702 1381 1769 26.
1417 1716 1481 1789 27.

185 1844 243 1909 29-
276 1843 335 1912 31·
370 1845 427 1913 34·
457 1843 515 1914 35·
546 1844 604 1914 37·
661 1822 689 1892 Π
724 1848 753 1895 1·
785 1846 815 1914 3·
848 1844 880 1915 5·
914 1841 944 1913 7,
973 1850 1006 1914 9·
1045 1849 1099 1900 11-
1135 1845 1297 1916 13-15·
1335 1846 1391 1917 17·
1421 1850 1480 1917 19·

185 1972 244 2022 20.
300 1949 343 2020 lll
378 1960 487 2024 1„st
523 1974 579 2043 17.
613 1975 668 2022 21.
700 1975 757 2043 23.
789 1957 847 2024 26.
880 1976 937 2042 29.
979 1951 1027 2023 IV
1059 1977 1091 2044 4.
1123 1976 1245 2043 9.,14.
1282 1973 1345 2043 153
1376 1955 1482 2048 apud

182 2074 362 2150 Catullum
389 2102 463 2149 non
492 2095 624 2151 exstat.
680 2078 805 2174 Atque
833 2079 1026 2152 Horatium
1050 2081 1084 2151 in
1104 2080 1307 2152 universum
1323 2079 1481 2175 quidem

182 2202 312 2278 Alcaei
341 2204 545 2301 exemplum
575 2206 814 2301 expressisse,
841 2208 1017 2280 nonnullis
1043 2224 1163 2280 tamen
1191 2210 1225 2279 in
1253 2208 1365 2280 rebus
1395 2235 1480 2304 pro-

182 2333 281 2428 prias
311 2360 452 2430 easque
481 2333 689 2406 severiores
718 2332 824 2430 leges
851 2335 918 2407 sibi
946 2336 1230 2430 praescripsisse
1263 2335 1322 2407 diu
1350 2337 1478 2434 cogni-

182 2478 257 2533 tum
298 2478 366 2534 est.
423 2464 569 2558 Nempe
611 2487 692 2534 cum
722 2460 885 2535 Alcaeus
922 2465 976 2558 (cs
999 2464 1040 2536 fr.
1070 2488 1104 2552 o.
1140 2486 1196 2554 13.
1233 2467 1286 2534 18.
1317 2486 1376 2554 34.
1410 2467 1476 2561 35)

182 2589 334 2684 primam
376 2606 414 2662 et
455 2591 615 2686 quintam
658 2587 838 2684 syllabam
884 2595 904 2662 i.
946 2619 976 2663 e.
1011 2590 1200 2663 anacrusin
1242 2608 1281 2663 et
1322 2593 1479 2665 secundi

182 2717 347 2789 trochaei
389 2718 508 2790 thesin
552 2718 645 2814 (sive
674 2718 777 2813 primi
814 2736 852 2790 et
879 2719 974 2791 tertii
1001 2718 1110 2790 iambi
1137 2718 1257 2790 thesin
1286 2717 1478 2814 appellare

183 2861 371 2940 totumque
419 2872 563 2919 versum
611 2870 681 2940 pro
721 2845 880 2919 dimetro
907 2846 1084 2929 ,iambico
1133 2843 1478 2941 hypercatalectico

183 2973 324 3045 habere
352 2974 476 3061 mavis,
504 2999 725 3070 quamquam
756 2975 870 3046 minus
898 2990 1001 3046 recte
1035 2975 1073 3046 id
1106 2973 1192 3045 mihi
1221 2974 1369 3069 quidem
1399 2973 1481 3047 lieri

183 3100 326 3173 videtur
354 3127 436 3174 eam
465 3102 583 3198 ipsam
613 3102 662 3174 ob
689 3128 847 3188 causam,
890 3103 1001 3198 quod,
1042 3117 1219 3199 utsupra
1252 3103 1413 3191 ostendi,
1444 3101 1479 3175 in

182 3255 354 3301 versuum
386 3229 623 3327 iambicorum
657 3229 807 3301 sedibus
835 3231 1033 3326 imparibus
1053 3230 1230 3301 Horatius
1262 3230 1405 3302 iambos
1440 3248 1480 3303 et

182 3356 376 3451 spondeos
404 3358 613 3452 promiscue
641 3383 784 3452 ponere
813 3358 970 3452 solebat)
1002 3402 1050 3412 —-
1079 3354 1241 3429 Alcaeus
1267 3357 1376 3452 igitur
1395 3385 1477 3432 cum

180 3482 248 3556 has
276 3482 438 3580 syllabas
466 3485 645 3580 ancipites
675 3509 760 3557 esse
788 3482 976 3569 voluisset,
1014 3485 1188 3556 Horatius
1230 3510 1296 3557 eas
1337 3483 1474 3581 longas

181 3611 341 3686 reddidit
369 3615 427 3685 vel
456 3613 579 3708 potius
607 3609 824 3707 plerumque
852 3612 1013 3684 reddidit
1039 3613 1153 3696 etita,
1180 3628 1219 3684 ut
1238 3638 1320 3684 eum
1340 3614 1476 3709 longas

180 3738 348 3811 consulto
385 3765 520 3838 magno
556 3765 671 3835 opere
705 3756 950 3835 praeoptasse
993 3743 1074 3812 luce
1117 3736 1246 3812 clarius
1280 3757 1474 3835 appareat.

179 3862 305 3960 ltaque
339 3867 373 3939 in
407 3886 480 3958 317
519 3894 578 3940 νν.
615 3865 763 3939 alterius
792 3867 953 3940 trochaei
995 3867 1109 3939 thesis
1152 3893 1302 3962 semper
1342 3865 1471 3963 longa,

179 3994 364 4066 anacrusis
400 3993 526 4066 decies
560 4010 698 4067 tantum
726 3995 761 4066 in
788 3994 969 4089 prioribus
997 3996 1111 4069 tribus
1139 3993 1335 4069 carminum
1362 3994 1472 4082 libris,

179 4144 363 4218 nunquam
392 4122 426 4194 in
455 4139 588 4218 quarto
617 4123 737 4197 brevis
765 4140 832 4196 est.

284 4290 470 4365 Caesuras
510 4293 547 4366 in
588 4293 742 4367 dimetro
784 4293 974 4367 trochaico
1016 4295 1056 4367 L.
1099 4295 1296 4392 Muellerus
1336 4296 1472 4370 idcirco

177 4419 321 4493 omnino
349 4421 625 4497 nonstatuisse
653 4421 808 4511 videtur,
840 4424 939 4518 quod
967 4449 1043 4512 eas,
1074 4424 1121 4495 de
1159 4422 1293 4518 quibusv
1320 4424 1469 4519 primus,
