3120 4838
807 190 847 256 54

181 401 344 461 statuere
381 413 455 462 non
492 415 707 484 possumus,
744 393 812 465 sed
843 393 1064 465 reiciendam
1091 412 1220 461 eorum
1246 381 1478 457 sententiam

187 541 380 590 censemus
392 512 428 610 ¹),
456 518 516 613 qui
543 518 614 591 hoc
641 545 789 592 carmen
816 546 885 615 pro
914 547 984 593 una
1004 519 1174 592 continua
1198 515 1273 587 oda
1291 513 1476 585 vendunt.

178 645 304 740 ltaque
321 667 402 717 cum
431 644 504 719 duo
523 646 666 719 Horatii
685 648 845 721 carmina
866 672 910 739 14
940 662 978 721 et
1004 651 1046 720 18
1067 668 1233 718 versuum
1252 642 1476 727 habeamus

178 772 354 846 Meinekii
381 789 420 846 et
439 773 663 849 Lachmanni
689 773 757 861 lex,
785 801 896 872 quarn
925 790 1072 865 vocant,
1101 788 1200 846 stare
1228 797 1301 844 non
1330 784 1476 869 potest.

285 898 368 973 Alia
395 902 544 975 accedit
573 928 695 988 causa,
725 928 789 975 cur
816 904 898 976 viris
927 903 1046 976 doctis
1075 902 1243 975 assentiri
1268 926 1475 997 nequeam,

180 1031 387 1126 epodorum
427 1030 568 1103 Horatii
609 1047 647 1103 et
692 1032 887 1105 carminum
929 1031 1177 1104 necessitudo.
1247 1029 1343 1101 Nam
1388 1053 1476 1100 curn

181 1157 353 1231 Horatius
384 1158 418 1230 in
453 1157 667 1231 carminibus
696 1158 752 1232 vel
782 1161 937 1250 eodem,
975 1182 1050 1255 quo
1085 1160 1120 1231 in
1149 1157 1281 1253 epodis
1313 1159 1390 1252 (ep.
1429 1179 1474 1227 12

179 1310 358 1359 :carm
388 1285 402 1357 Ι
433 1303 465 1376 7.
499 1288 560 1382 28)
599 1289 656 1359 vel
694 1286 873 1360 simillimo
905 1303 1022 1362 metro
1059 1286 1208 1382 saepius
1237 1284 1297 1379 (cf.
1328 1310 1392 1379 ep.
1430 1307 1474 1354 12

182 1438 264 1486 cum
298 1439 328 1487 c.
359 1413 406 1484 IV
437 1433 479 1504 73
522 1416 1072 1511 ep.1—1ocumc.ll18;
1114 1421 1474 1511 ep.11.13—-16

183 1566 265 1614 cum
293 1566 324 1615 c.
353 1543 367 1611 l
396 1538 437 1643 4)
473 1567 559 1614 usus
586 1541 649 1632 sit,
686 1541 780 1650 nulla
812 1542 1013 1640 probabilis
1040 1543 1132 1616 ratio
1167 1541 1285 1614 adhuc
1321 1556 1477 1635 reperta

182 1685 241 1742 est
268 1694 387 1765 neque
416 1669 567 1765 reperiri
594 1687 736 1767 potest.
767 1696 829 1744 cur
854 1672 965 1744 modo
992 1672 1088 1743 hanc
1115 1696 1197 1744 eum
1230 1670 1344 1742 modo
1375 1669 1477 1741 illam

184 1797 462 1894 compositionis
490 1824 652 1872 normam
670 1799 880 1873 adhibuisse
900 1815 1081 1895 putemus.
1129 1799 1242 1873 Certe
1272 1797 1477 1870 carminum

184 1923 393 2023 elegantiae
424 1952 539 2022 prave
566 1926 822 2016 consuluisset,
861 1929 891 2000 si
923 1927 1197 2024 compositionis
1226 1925 1408 1998 distichae
1438 1941 1478 1998 et

183 2053 421 2128 tetrastichae
451 2053 691 2129 differentiam
728 2056 939 2128 delevisset.
995 2056 1127 2152 Neque
1160 2079 1248 2126 vero
1281 2054 1387 2149 quod
1426 2051 1478 2124 ad

183 2206 244 2255 res
272 2181 419 2279 quidem
448 2198 486 2255 et
514 2197 727 2280 argumenta
747 2198 904 2279 spectat,
933 2199 972 2255 ut
990 2183 1229 2279 hoc'quoque
1250 2205 1478 2277 quamquam

183 2309 303 2384 obi‘ter
331 2310 588 2406 perstringam,
618 2310 763 2384 Horatii
784 2313 896 2408 epodi
916 2326 954 2384 et
973 2308 1130 2384 carmina
1150 2309 1296 2382 omnino
1325 2301 1479 2381 diversa

184 2452 294 2534 atque
333 2437 522 2534 disparata
559 2455 662 2523 sunt,
705 2438 774 2512 sed
817 2457 855 2514 et
896 2439 1008 2536 epodi
1042 2437 1259 2512 carminibus
1295 2433 1479 2509 simillima

185 2564 409 2638 inveniuntur
442 2581 480 2639 et
514 2568 671 2639 carmina
713 2568 845 2662 epodis
863 2565 903 2670 2).
960 2566 1085 2661 Quare
1126 2590 1302 2662 perverse
1346 2580 1477 2662 agunt,

188 2693 249 2790 qui
290 2692 511 2789 disiungant,
555 2720 652 2790 quae
692 2696 774 2791 ipsa
811 2711 849 2768 et
880 2709 1076 2768 metrorum
1109 2711 1149 2766 et
1181 2717 1302 2765 rerum
1344 2709 1481 2765 natura

187 2821 385 2893 cohaerent
413 2838 524 2918 atque
553 2823 731 2896 artissime
758 2823 852 2896 inter
878 2849 919 2895 se
946 2847 1114 2896 connexa
1140 2838 1233 2894 sunt.

293 2948 466 3046 Denique
508 2951 633 3023 mirum
673 2952 842 3048 profecto
887 2968 1005 3038 esset,
1053 2952 1083 3023 si
1122 2973 1255 3044 reapse
1298 2947 1481 3021 Horatius

188 3089 451 3171 quaternorum
479 3104 649 3152 versuum
678 3081 850 3174 strophas
879 3078 1093 3164 formasset,
1130 3076 1231 3173 quod
1259 3076 1294 3147 in
1323 3076 1479 3148 canticis

188 3201 358 3275 Senecae
387 3205 527 3303 tragici,
557 3232 654 3302 quae
680 3207 815 3302 ubique
835 3233 1003 3280 versuum
1024 3208 1100 3280 eius
1126 3205 1316 3301 lyricorum
1344 3220 1480 3299 aperte

189 3327 377 3402 declarant
410 3333 662 3424 imitationem,
698 3335 778 3406 talis
815 3335 909 3430 legis
941 3333 1037 3407 nulla
1077 3332 1238 3430 vestigia
1280 3346 1478 3428 apparent.

190 3456 233 3530 cl.
263 3456 306 3530 L.
337 3457 492 3539 Mueller
519 3461 606 3534 edit.
634 3463 750 3560 prael.
780 3462 874 3552 LIII,
911 3487 1130 3559 quamquam
1160 3457 1244 3532 nihil
1271 3458 1361 3532 certi
1392 3459 1480 3531 inde

190 3581 357 3659 concludi
384 3604 526 3682 posset,
556 3590 586 3662 si
615 3589 684 3664 alia
712 3605 929 3688 argumenta
957 3591 1141 3662 deessent.

295 3712 436 3803 Quibus
465 3717 512 3789 de
544 3719 664 3793 causis
693 3720 860 3793 omnibus
892 3742 1106 3814 persuasum
1139 3713 1310 3810 equidem
1336 3713 1479 3802 habe0,

96 3919 99 3922 .
188 3863 263 3911 non
303 3841 450 3951 epodos
492 3847 625 3941 modo,
674 3850 744 3921 sed
786 3847 896 3920 etiam
936 3845 1081 3917 Horatii
1120 3841 1278 3914 carmina
1318 3840 1483 3934 epodica

127 4042 129 4047 ,
190 3966 423 4045 distichorum
452 3972 570 4044 forma
597 3976 806 4071 composita
834 4000 930 4047 esse.
978 3950 1154 4046 Horatius
1173 3970 1291 4068 igitur,
1321 3968 1481 4066 dequo

189 4123 256 4171 nos
291 4099 445 4197 agimus,
481 4102 690 4178 universam
721 4104 850 4177 horum
894 4102 1090 4177 carminum
1132 4097 1481 4194 componendorum

188 4243 330 4250 ——-—-.
334 4245 449 4254 -.—.—.

299 4294 316 4366 ¹)
336 4298 450 4348 Eandem
468 4314 544 4364 quam
562 4301 615 4366 ipse
634 4301 783 4351 sententiam
801 4300 927 4367 professus
945 4308 982 4351 est
1003 4301 1107 4351 Bartsch
1126 4299 1166 4348 in:
1186 4294 1307 4344 Fleckeis.
1327 4310 1387 4344 ann.
1412 4295 1481 4366 1875

208 4428 214 4441 .
260 4402 302 4439 01.

188 4406 205 4456 p
244 4399 257 4453 ⁷
297 4480 316 4554 ²)
337 4483 375 4532 Cf.
395 4483 469 4535 Siess.
498 4485 535 4536 Zu
553 4485 602 4534 den
622 4485 728 4557 Epoden
748 4487 791 4536 des
810 4485 901 4539 Horaz.
938 4485 1021 4555 Progr.
1043 4485 1113 4537 Graz.
1138 4454 1309 4552 18751945.
