3120 4838
834 228 879 309 64

748 322 960 330 ——

208 443 414 517 Brambach
447 442 467 517 l.
502 444 524 518 l.
558 472 592 542 p.
630 469 690 539 51.
747 446 1062 544 Neglegentiores
1101 473 1191 520 vero
1230 447 1265 518 in
1299 446 1502 518 dividendo

207 589 346 646 tantum
374 573 569 647 deterioris
596 591 710 648 notae
738 576 891 648 codices
917 575 946 645 λ’
966 575 994 646 d‘
1014 574 1090 647 aL
1117 575 1148 645 u'
1175 591 1268 647 sunt.
1310 573 1390 646 Iam
1421 596 1504 647 cum

206 702 393 774 codicibus
419 702 545 774 Acron
570 704 761 787 consentit,
789 703 1019 776 consentiunt
1036 701 1090 773 rei
1108 700 1279 772 metricae
1299 701 1502 797 scriptores

206 831 298 903 Mar.
318 831 455 903 Victor.
489 851 637 921 129‚27.
673 841 804 921 169,11
842 830 956 927 (idem
976 829 1078 925 quod
1099 849 1195 919 53,2.
1224 831 1354 918 64,18.
1387 852 1501 922 91,13

206 959 358 1053 primum
397 984 545 1031 versum
585 975 837 1032 tetrametrum
879 960 1016 1043 reddit,
1060 975 1190 1053 aperte
1225 956 1379 1058 erravit)
1414 956 1504 1030 Atil.

206 1087 304 1157 Fort.
330 1089 474 1176 289,24,
504 1086 590 1157 Ter.
611 1086 726 1158 Maur.
750 1090 849 1159 2068
870 1086 1007 1159 Plotius
1029 1108 1133 1177 542,r
1149 1109 1179 1157 1.
1200 1083 1322 1156 Diom.
1346 1088 1504 1175 510‚28.

206 1212 333 1306 Quare
366 1215 456 1286 satis
490 1231 647 1310 apparet
678 1216 875 1308 genuinam
908 1213 1074 1286 carminis
1107 1210 1381 1283 distinctionem
1420 1237 1506 1285 eam

207 1366 309 1425 esse,
349 1367 421 1436 qua
456 1358 629 1438 quattuor
669 1345 846 1439 strophae
888 1360 1076 1414 ternorum
1110 1364 1282 1410 versuum
1320 1340 1507 1432 (binorum

206 1469 453 1541 trimetrorum
491 1494 572 1541 curn
607 1468 758 1564 singulis
796 1466 1034 1569 tetrametris)
1070 1492 1139 1562 per
1167 1467 1386 1560 synaphiam
1417 1491 1506 1540 con-

206 1596 404 1668 iunctorum
432 1596 642 1670 efficiuntur.
1539 1568 1544 1577 ι

332 1765 521 1862 Deinceps
549 1793 644 1862 quae
671 1767 764 1838 ratio
793 1768 887 1838 inter
904 1766 1095 1837 Horatium
1123 1780 1162 1835 et
1180 1762 1363 1836 Alcaeum
1392 1765 1504 1838 inter-

206 1893 318 1965 cedat
344 1896 539 1968 videndum
568 1911 642 1976 est,
676 1920 758 1967 cum
794 1921 815 1966 e
843 1895 934 1965 Mar.
962 1893 1102 1964 Victor.
1139 1915 1275 1981 129,24
1305 1892 1507 1966 Horatium

206 2018 385 2094 Alcaeum
426 2040 513 2095 ante
556 2021 683 2095 oculos
724 2024 895 2094 habuisse
938 2022 1028 2093 satis
1068 2034 1221 2091 constet.
1279 2019 1413 2113 Atque
1458 2021 1507 2094 de

207 2147 350 2221 Alcaeo
386 2176 466 2222 curn
498 2150 702 2245 Hephaest.
730 2177 758 2222 c.
793 2177 813 2243 3
849 2176 885 2245 p.
922 2155 970 2219 66
1000 2147 1058 2221 W.
1094 2149 1233 2224 tradat:
1276 2147 1331 2237 Ἐξ
1366 2147 1509 2243 ὁμοίων

207 2279 247 2346 δέ
273 2281 371 2350 ἐστιν
397 2274 488 2372 ἅπερ
517 2335 627 2352 .....
658 2304 665 2318 ·
696 2275 747 2362 ὡς
766 2279 829 2349 ἐὰν
848 2281 1062 2370 τεταγμένος
1080 2273 1231 2369 ἀριθμὸς
1249 2269 1283 2367 ᾗ,
1313 2275 1383 2348 οἰκ
1404 2281 1507 2351 ἔστιν

206 2407 245 2492 ἐξ
272 2403 417 2497 ὁμοίων,
447 2405 537 2477 ἀλλὰ
565 2406 655 2477 κατὰ
684 2410 813 2496 σχέσιν,
843 2403 894 2490 ὡς
921 2409 960 2476 ἐν
986 2413 1040 2499 τῴ
1066 2402 1146 2499 παρ’
1181 2402 1317 2498 Ἀλκαίῳ
1353 2402 1506 2500 ᾄσματι,

207 2522 249 2603 οὗ
277 2528 298 2623 ᾑ
327 2531 416 2627 ἀρχή

364 2683 425 2774 ἔμε
453 2685 573 2755 ὃείλαν
600 2685 661 2776 ἔμε
679 2690 805 2754 1πασᾶν
832 2683 1042 2754 κακοτάτων
1066 2685 1285 2772 πεὸἐχοισαν.

199 2804 348 2903 Ἄπειρος
386 2813 452 2902 μὲν
484 2812 552 2906 γάρ
590 2838 645 2895 τις
681 2808 735 2882 ὢν
770 2818 871 2884 aul.
909 2810 975 2881 viri
1011 2808 1113 2881 docti
1145 2808 1230 2880 inde
1268 2835 1290 2880 a
1328 2811 1505 2886 Bentleio

206 2950 379 3024 statuunt,
409 2953 662 3012 tetrametrum
690 2937 786 3010 illum
815 2939 968 3034 primum
995 2963 1139 3009 versum
1160 2937 1340 3031 strophae
1366 2938 1507 3013 decem

205 3062 347 3136 ionicos
367 3064 588 3161 complexae
609 3092 708 3139 esse.
751 3066 830 3138 Sed
848 3064 1137 3160 Hephaestionis
1156 3064 1228 3135 hoc
1247 3063 1337 3135 loco
1358 3081 1507 3139 tantum

206 3191 383 3264 intererat
423 3191 694 3283 demonstrare,
733 3195 850 3265 denos
885 3193 1025 3264 ionicos
1059 3192 1107 3264 ab
1143 3188 1289 3263 Alcaeo
1327 3195 1507 3267 continuo

207 3319 336 3392 ordine
384 3322 563 3416 repetitos
602 3344 706 3410 esse3
752 3318 918 3418 singulos
959 3346 1092 3392 versus
1133 3345 1255 3414 neque
1298 3319 1374 3393 hoc
1419 3319 1506 3421 loco

207 3472 330 3542 neque
358 3474 395 3543 p.
425 3457 473 3543 67
495 3476 527 3522 n.
548 3467 587 3521 et
605 3475 642 3544 p.
666 3453 713 3542 38
735 3449 792 3522 W.
816 3449 961 3533 curavit,
990 3464 1028 3519 ut
1047 3445 1129 3519 nihil
1150 3447 1285 3530 obstet,
1307 3449 1507 3542 quominus

206 3573 383 3648 Alcaeum
411 3576 461 3649 ita
488 3578 609 3679 potius
637 3576 806 3649 divisisse
835 3592 1018 3672 putemus:

368 3727 430 3819 ἔμε
457 3729 587 3812 ὃείλαν,
616 3727 675 3819 ἔμε
702 3733 821 3797 πασᾶν
848 3725 1059 3798 κακοτάτων

367 3856 577 3945 πεδέχοισαν
608 3908 741 3927 ......

367 4000 483 4092 Quod
509 4025 632 4073 verum
661 4026 746 4074 esse
774 4000 883 4073 etiam
911 4000 1049 4072 idcirco
1076 3997 1160 4069 mihi
1187 3995 1390 4090 probatur,
1421 3997 1508 4093 quia

208 4124 343 4201 Marius
372 4127 580 4201 Victorinus
607 4127 798 4200 Horatium
825 4127 1000 4202 Alcaeum
1034 4124 1265 4222 expressisse
1293 4120 1506 4199 luculenter

206 4235 382 4343 teslatur,
420 4271 460 4327 et
493 4257 578 4352 quia
612 4255 693 4351 ipse
722 4254 871 4342 Maride,
900 4279 980 4326 cum
1008 4254 1150 4326 duobus
1178 4249 1272 4322 locis
1301 4250 1506 4327 trimetrum

208 4377 351 4454 Horatii
386 4396 487 4453 recte
520 4383 665 4470 afferat,
697 4382 792 4468 aliis,
829 4406 922 4477 quos
957 4404 1069 4476 supra
1104 4378 1328 4464 enumeravi,
1372 4394 1505 4475 aperte

207 4507 386 4606 deceptus
413 4508 564 4603 primum
592 4536 736 4583 versum
760 4525 1011 4584 tetrametrum
1039 4505 1170 4580 reddit.
1226 4504 1357 4597 Quare
1390 4507 1504 4581 etiam
