3120 4838
73 438 157 510 dice
188 437 225 509 A
256 434 428 534 neglecta
455 454 532 525 est,
562 462 670 532 quem
697 462 861 510 errorem
890 434 1007 509 altera
1036 461 1161 508 manus
1191 434 1369 521 correxit;

73 591 154 638 cum
182 566 414 661 Porphyrion
441 590 590 662 semper
616 566 694 638 fere
721 591 743 637 a
770 590 861 637 vero
890 565 1083 637 aberraret
1101 568 1142 660 1).

182 714 324 787 Contra
352 740 541 810 nusquam,
571 715 673 811 quod
703 730 855 810 apertae
886 714 1021 787 fraudis
1049 728 1126 800 est,
1165 713 1200 784 in
1228 710 1372 785 Horatii

74 843 268 915 codicibus
296 839 439 937 singula
470 842 629 914 carmina
657 844 836 938 dirempta
864 857 956 915 sunt.
1005 841 1138 937 Neque
1167 841 1262 913 enim
1289 840 1374 913 mihi

75 970 226 1066 epodus
280 993 322 1064 17
372 970 479 1042 obiici
520 972 653 1061 debet3
696 996 778 1043 nam
810 970 913 1042 huius
949 986 1036 1064 post
1072 996 1104 1043 v.
1143 990 1190 1063 53
1234 968 1374 1065 aliquot

75 1098 230 1171 codices
273 1124 345 1171 non
386 1123 521 1171 novum
564 1096 725 1194 epodum
766 1098 954 1193 incipiunt,
997 1096 1065 1168 sed
1103 1112 1242 1169 tantum
1279 1097 1372 1169 duas

76 1225 248 1299 eiusdem
277 1227 392 1321 epodi
420 1242 544 1322 partes
582 1226 819 1321 inscriptione
857 1225 1082 1311 discernunt,
1114 1224 1257 1297 Horatii
1292 1251 1374 1321 sup-

74 1352 223 1449 plicium
253 1372 293 1426 et
321 1354 500 1427 Canidiae
530 1380 761 1449 responsum.

186 1482 235 1552 Et
262 1479 434 1566 similiter,
463 1482 492 1554 si
521 1462 608 1578 quid
633 1483 756 1570 vide0,
786 1508 872 1553 sese
902 1508 962 1554 res
987 1482 1102 1554 habet
1129 1481 1162 1554 in
1191 1480 1316 1576 epodo
1340 1507 1372 1570 2,

79 1609 182 1681 cuius
210 1635 337 1681 veram
366 1610 544 1682 rationem
578 1610 699 1682 adhuc
734 1609 802 1681 viri
837 1609 933 1681 docti
970 1636 1100 1704 parum
1128 1609 1297 1681 videntur
1324 1608 1373 1680 in-

79 1734 279 1809 tellexisse.
335 1737 431 1809 Nam
465 1736 565 1833 quod
602 1752 691 1833 post
724 1728 868 1810 versum
901 1764 944 1808 22
975 1738 1078 1810 huius
1108 1737 1219 1833 epodi
1247 1737 1280 1808 iu
1312 1760 1373 1808 co-

78 1865 223 1937 dicibus
252 1864 297 1936 A'
311 1894 333 1959 γ
348 1865 380 1938 C
395 1866 423 1936 λ’
442 1865 587 1938 duobus
607 1864 802 1938 Blandiniis
824 1882 862 1937 et
882 1866 981 1961 apud
1001 1865 1189 1938 Acronem
1210 1864 1375 1937 carminis

79 2009 281 2066 contextus
309 1994 588 2089 interrumpitur,
617 2018 692 2066 non
720 2011 794 2066 tam
824 1993 872 2065 ad
901 2019 1034 2066 novum
1061 1995 1235 2089 epodum,
1265 2019 1376 2089 quam

80 2122 131 2194 ad
161 2120 327 2193 eiusdem
355 2121 467 2216 epodi
495 2146 631 2195 novam
650 2135 794 2217 partem
814 2116 1045 2216 incipientem
1074 2138 1246 2217 spectare
1274 2121 1376 2193 vide-

78 2267 146 2322 tur.
195 2248 340 2342 Quibus
368 2250 554 2322 codicibus
582 2275 733 2345 prorsus
753 2247 939 2347 neglectis
968 2274 1049 2322 cum
1071 2265 1186 2321 totum
1214 2250 1376 2345 epodum

78 2378 145 2451 viri
183 2377 285 2450 docti
322 2376 371 2449 ad
405 2402 514 2449 unum
547 2402 677 2450 omnes
714 2376 811 2450 Alfio
849 2377 1072 2450 faeneratori
1106 2377 1326 2461 tribuerent,
1354 2401 1376 2448 a

79 2530 187 2596 vero,
218 2505 254 2576 ni
282 2502 397 2593 fallor,
426 2504 653 2578 aberrarunt.
710 2506 823 2578 lmmo
850 2522 953 2579 recte
982 2532 1024 2578 se
1049 2505 1181 2593 habet,
1210 2504 1312 2600 quod
1338 2503 1376 2575 in

81 2632 451 2730 praescriptionibus,
485 2633 616 2729 quibus
651 2648 789 2729 quanta
824 2633 916 2706 fides
952 2634 1125 2706 habenda
1153 2633 1216 2721 sit,
1248 2631 1372 2704 Kiess·

78 2761 215 2858 lingius
252 2757 452 2833 luculenter
486 2760 612 2833 docuit
647 2761 682 2832 in
720 2762 1032 2834 commentatione
1067 2786 1178 2857 supra
1210 2757 1373 2849 laudata,

82 2905 218 2985 aperte
239 2887 474 2985 significatur:
509 2870 566 2960 ad
585 2915 616 2959 v.
652 2914 683 2962 1:
710 2889 820 2962 vitam
845 2887 1084 2983 agricolarum
1111 2913 1251 2962 summa
1277 2905 1374 2961 tran-

83 3014 267 3113 quillitate
296 3030 509 3088 exornatam
536 3015 780 3111 prosequitur.
828 3016 926 3089 Asst.
954 3015 1117 3090 laudatio
1150 3017 1246 3089 vitae
1276 3017 1376 3089 rusti-

84 3166 157 3215 cae
185 3142 228 3216 F.
257 3138 420 3214 laudatio
446 3140 544 3214 vitae
572 3145 729 3215 rusticae
764 3163 969 3218 exornatae
1008 3172 1148 3220 summa
1182 3142 1377 3241 tranquilli-

82 3286 166 3343 tate
194 3293 314 3341 rerum
348 3297 390 3362 y,
427 3269 475 3341 ad
502 3297 535 3345 v.
568 3297 634 3364 23:
675 3272 868 3345 introducit
902 3275 1087 3370 quendam
1128 3275 1377 3346 feneratorem

83 3396 302 3493 loquentem
338 3400 390 3490 (et
421 3395 634 3472 laudantem
670 3400 783 3473 vitam
816 3403 980 3498 quietern
1018 3402 1103 3474 add.
1132 3400 1197 3504 A.)
1234 3416 1271 3474 et
1304 3425 1380 3473 non

86 3543 217 3598 tamen
244 3549 347 3596 suum
375 3528 607 3622 propositum
636 3528 871 3602 deserentem
891 3530 959 3603 Aa.
1007 3530 1143 3625 Viginti
1170 3529 1244 3600 duo
1272 3527 1381 3625 igitur

84 3677 218 3724 versus
255 3651 397 3746 priores
435 3652 503 3750 ipsi
530 3654 705 3746 Horati0,
743 3673 942 3753 sequentes
971 3658 1118 3731 demum
1145 3653 1243 3729 Alfio
1270 3655 1380 3727 tribu-

87 3780 174 3853 endi
202 3796 296 3851 sunt.
353 3780 484 3876 Neque
518 3782 556 3854 id
594 3786 864 3881 neglegendum
896 3802 968 3872 est,
997 3810 1071 3880 quo
1100 3808 1236 3882 magno
1264 3809 1380 3879 opere

86 3909 212 3993 iuvor,
254 3907 510 4003 inscriptiones
552 3912 720 3985 codicum
753 3913 781 3984 B
822 3931 862 3986 et
896 3915 926 3986 F
969 3929 1007 3985 et
1042 3913 1143 4008 ipsas
1176 3927 1313 3985 tautum
1347 3913 1382 3985 in

86 4037 236 4131 priores
276 4061 320 4105 22
356 4061 488 4111 versus
517 4040 719 4132 quadrare,
755 4041 802 4113 de
831 4042 1069 4136 sequentibus
1098 4056 1185 4135 apte
1215 4039 1283 4113 dici
1311 4065 1384 4113 non

85 4163 274 4260 potuisse;
319 4163 476 4263 denique
520 4167 690 4241 codicem
723 4191 752 4264 ψ
788 4167 866 4269 (qui
893 4195 984 4242 unus
1012 4193 1033 4240 e
1061 4167 1206 4241 duobus
1234 4169 1263 4240 F
1295 4171 1382 4264 est),

89 4350 279 4358 -.---ι-
284 4350 360 4356 .-.—

199 4440 218 4512 ¹)
239 4443 357 4507 Quocum
380 4445 530 4495 conferenda
556 4454 613 4496 sunt
631 4463 697 4512 quae
719 4448 751 4499 de
769 4450 874 4500 Acronis
893 4457 917 4498 et
935 4448 1112 4514 Porphyrionis
1130 4448 1164 4498 ad
1182 4455 1278 4499 textum
1294 4449 1388 4497 consti-

84 4535 212 4587 tuendum
231 4536 381 4586 auctoritate
400 4537 515 4588 Kellerus
535 4542 649 4604 exposuit
666 4542 691 4591 in
711 4559 774 4595 mus.
795 4544 878 4596 Rhen.
897 4542 964 4593 xlx
984 4541 1056 4605 1864
1073 4558 1101 4608 p.
1122 4542 1188 4591 aab.

1212 4640 1244 4698 t*
