<?xml version="1.0" encoding="UTF-8"?>
<!DOCTYPE html PUBLIC "-//W3C//DTD XHTML 1.0 Transitional//EN"
    "http://www.w3.org/TR/xhtml1/DTD/xhtml1-transitional.dtd">
<html xmlns="http://www.w3.org/1999/xhtml" xml:lang="en" lang="en">
 <head>
  <title>
</title>
<meta http-equiv="Content-Type" content="text/html;charset=utf-8" />
  <meta name='ocr-system' content='tesseract 3.04.00' />
  <meta name='ocr-capabilities' content='ocr_page ocr_carea ocr_par ocr_line ocrx_word'/>
</head>
<body>
  <div class='ocr_page' id='page_1' title='image "./deverborumcompo00horagoog/deverborumcompo00horagoog_0090.png"; bbox 0 0 3120 4838; ppageno 0'>
   <div class='ocr_carea' id='block_1_1' title="bbox 712 282 922 343">
    <p class='ocr_par' dir='ltr' id='par_1_1' title="bbox 712 282 922 343">
     <span class='ocr_line' id='line_1_1' title="bbox 712 282 922 343; baseline -0.005 -15"><span class='ocrx_word' id='word_1_1' title='bbox 712 314 751 328; x_wconf 91' lang='grc'><strong>..</strong></span> <span class='ocrx_word' id='word_1_2' title='bbox 795 282 922 343; x_wconf 70' lang='lat'><strong>24.-</strong></span> 
     </span>
    </p>
   </div>
   <div class='ocr_carea' id='block_1_2' title="bbox 239 447 1480 2478">
    <p class='ocr_par' dir='ltr' id='par_1_2' title="bbox 239 447 1396 1294">
     <span class='ocr_line' id='line_1_2' title="bbox 239 447 1393 535; baseline -0.001 -21"><span class='ocrx_word' id='word_1_3' title='bbox 239 450 373 516; x_wconf 85' lang='lat' dir='ltr'><strong>bitatem</strong></span> <span class='ocrx_word' id='word_1_4' title='bbox 403 452 523 515; x_wconf 80' lang='lat' dir='ltr'><strong>ironiae</strong></span> <span class='ocrx_word' id='word_1_5' title='bbox 551 451 594 515; x_wconf 92' lang='lat' dir='ltr'><strong>ad</strong></span> <span class='ocrx_word' id='word_1_6' title='bbox 616 451 802 535; x_wconf 77' lang='lat' dir='ltr'><strong>Menippum</strong></span> <span class='ocrx_word' id='word_1_7' title='bbox 834 449 1035 515; x_wconf 76' lang='lat' dir='ltr'><strong>referendam</strong></span> <span class='ocrx_word' id='word_1_8' title='bbox 1064 470 1132 514; x_wconf 89' lang='lat' dir='ltr'><strong>esse</strong></span> <span class='ocrx_word' id='word_1_9' title='bbox 1159 447 1270 513; x_wconf 88' lang='lat' dir='ltr'><strong>Herm.</strong></span> <span class='ocrx_word' id='word_1_10' title='bbox 1289 448 1393 514; x_wconf 72' lang='grc'><strong>11111-</strong></span> 
     </span>
     <span class='ocr_line' id='line_1_3' title="bbox 240 556 1393 643; baseline -0.002 -20"><span class='ocrx_word' id='word_1_11' title='bbox 240 559 345 624; x_wconf 88' lang='lat' dir='ltr'><strong>sebius</strong></span> <span class='ocrx_word' id='word_1_12' title='bbox 366 564 469 643; x_wconf 88' lang='lat' dir='ltr'><strong>putat,</strong></span> <span class='ocrx_word' id='word_1_13' title='bbox 492 558 547 623; x_wconf 88' lang='lat' dir='ltr'><strong>sed</strong></span> <span class='ocrx_word' id='word_1_14' title='bbox 569 560 693 642; x_wconf 85' lang='lat' dir='ltr'><strong>injuria.</strong></span> <span class='ocrx_word' id='word_1_15' title='bbox 737 559 882 623; x_wconf 89' lang='lat' dir='ltr'><strong>Primum</strong></span> <span class='ocrx_word' id='word_1_16' title='bbox 913 560 996 622; x_wconf 89' lang='lat' dir='ltr'><strong>enim</strong></span> <span class='ocrx_word' id='word_1_17' title='bbox 1024 559 1159 622; x_wconf 83' lang='lat' dir='ltr'><strong>ironiam</strong></span> <span class='ocrx_word' id='word_1_18' title='bbox 1180 558 1250 621; x_wconf 92' lang='lat' dir='ltr'><strong>loco</strong></span> <span class='ocrx_word' id='word_1_19' title='bbox 1272 556 1393 624; x_wconf 90' lang='lat' dir='ltr'><strong>Varro·</strong></span> 
     </span>
     <span class='ocr_line' id='line_1_4' title="bbox 241 665 1394 748; baseline 0 -16"><span class='ocrx_word' id='word_1_20' title='bbox 241 669 336 733; x_wconf 91' lang='lat' dir='ltr'><strong>niano</strong></span> <span class='ocrx_word' id='word_1_21' title='bbox 373 668 473 732; x_wconf 88' lang='lat' dir='ltr'><strong>inesse</strong></span> <span class='ocrx_word' id='word_1_22' title='bbox 509 668 635 732; x_wconf 91' lang='lat' dir='ltr'><strong>omnino</strong></span> <span class='ocrx_word' id='word_1_23' title='bbox 672 689 736 732; x_wconf 92' lang='lat' dir='ltr'><strong>non</strong></span> <span class='ocrx_word' id='word_1_24' title='bbox 770 667 880 748; x_wconf 90' lang='lat' dir='ltr'><strong>video,</strong></span> <span class='ocrx_word' id='word_1_25' title='bbox 922 665 1035 731; x_wconf 89' lang='lat' dir='ltr'><strong>deinde</strong></span> <span class='ocrx_word' id='word_1_26' title='bbox 1078 668 1181 731; x_wconf 87' lang='lat' dir='ltr'><strong>ironia</strong></span> <span class='ocrx_word' id='word_1_27' title='bbox 1217 688 1394 732; x_wconf 85' lang='lat' dir='ltr'><strong>sermonem</strong></span> 
     </span>
     <span class='ocr_line' id='line_1_5' title="bbox 240 775 1395 860; baseline 0 -20"><span class='ocrx_word' id='word_1_28' title='bbox 240 775 430 860; x_wconf 88' lang='lat' dir='ltr'><strong>perfundere</strong></span> <span class='ocrx_word' id='word_1_29' title='bbox 452 777 579 841; x_wconf 92' lang='lat' dir='ltr'><strong>omnino</strong></span> <span class='ocrx_word' id='word_1_30' title='bbox 602 776 681 840; x_wconf 92' lang='lat' dir='ltr'><strong>disci</strong></span> <span class='ocrx_word' id='word_1_31' title='bbox 698 798 792 860; x_wconf 90' lang='lat' dir='ltr'><strong>posse</strong></span> <span class='ocrx_word' id='word_1_32' title='bbox 820 797 920 858; x_wconf 90' lang='lat' dir='ltr'><strong>nego,</strong></span> <span class='ocrx_word' id='word_1_33' title='bbox 951 796 1025 839; x_wconf 89' lang='lat' dir='ltr'><strong>nam</strong></span> <span class='ocrx_word' id='word_1_34' title='bbox 1055 777 1199 859; x_wconf 84' lang='lat' dir='ltr'><strong>quinon</strong></span> <span class='ocrx_word' id='word_1_35' title='bbox 1228 797 1249 840; x_wconf 92' lang='lat' dir='ltr'><strong>a</strong></span> <span class='ocrx_word' id='word_1_36' title='bbox 1276 782 1395 840; x_wconf 89' lang='lat' dir='ltr'><strong>natura</strong></span> 
     </span>
     <span class='ocr_line' id='line_1_6' title="bbox 239 883 1394 968; baseline 0.001 -21"><span class='ocrx_word' id='word_1_37' title='bbox 239 884 317 948; x_wconf 93' lang='lat' dir='ltr'><strong>illud</strong></span> <span class='ocrx_word' id='word_1_38' title='bbox 331 888 426 963; x_wconf 91' lang='lat' dir='ltr'><strong>tenet,</strong></span> <span class='ocrx_word' id='word_1_39' title='bbox 448 905 611 968; x_wconf 88' lang='lat' dir='ltr'><strong>nunquam</strong></span> <span class='ocrx_word' id='word_1_40' title='bbox 626 884 753 949; x_wconf 83' lang='lat' dir='ltr'><strong>tenebit.</strong></span> <span class='ocrx_word' id='word_1_41' title='bbox 787 883 825 948; x_wconf 95' lang='lat' dir='ltr'><strong>In</strong></span> <span class='ocrx_word' id='word_1_42' title='bbox 840 883 944 947; x_wconf 87' lang='lat' dir='ltr'><strong>verbis</strong></span> <span class='ocrx_word' id='word_1_43' title='bbox 967 884 1119 967; x_wconf 82' lang='lat' dir='ltr'><strong>eligendis</strong></span> <span class='ocrx_word' id='word_1_44' title='bbox 1136 884 1216 949; x_wconf 90' lang='lat' dir='ltr'><strong>duce</strong></span> <span class='ocrx_word' id='word_1_45' title='bbox 1231 884 1394 967; x_wconf 88' lang='lat' dir='ltr'><strong>Lucretio,</strong></span> 
     </span>
     <span class='ocr_line' id='line_1_7' title="bbox 241 992 1393 1075; baseline 0.001 -19"><span class='ocrx_word' id='word_1_46' title='bbox 241 992 328 1056; x_wconf 90' lang='lat' dir='ltr'><strong>cuius</strong></span> <span class='ocrx_word' id='word_1_47' title='bbox 349 1014 474 1057; x_wconf 89' lang='lat' dir='ltr'><strong>versum</strong></span> <span class='ocrx_word' id='word_1_48' title='bbox 493 992 512 1057; x_wconf 95' lang='lat' dir='ltr'>I</span> <span class='ocrx_word' id='word_1_49' title='bbox 536 996 598 1059; x_wconf 79' lang='lat'><strong>927</strong></span> <span class='ocrx_word' id='word_1_50' title='bbox 620 993 669 1057; x_wconf 88' lang='lat' dir='ltr'><strong>vel</strong></span> <span class='ocrx_word' id='word_1_51' title='bbox 691 992 743 1060; x_wconf 91' lang='lat' dir='ltr'><strong>IV</strong></span> <span class='ocrx_word' id='word_1_52' title='bbox 762 998 798 1058; x_wconf 78' lang='lat'><strong>2:</strong></span> <span class='ocrx_word' id='word_1_53' title='bbox 835 993 933 1073; x_wconf 90' lang='lat' dir='ltr'><strong>,iuvat</strong></span> <span class='ocrx_word' id='word_1_54' title='bbox 953 993 1094 1075; x_wconf 86' lang='lat' dir='ltr'><strong>integros</strong></span> <span class='ocrx_word' id='word_1_55' title='bbox 1117 992 1269 1058; x_wconf 83' lang='lat' dir='ltr'><strong>accedere</strong></span> <span class='ocrx_word' id='word_1_56' title='bbox 1289 992 1393 1058; x_wconf 87' lang='lat' dir='ltr'><strong>fontes</strong></span> 
     </span>
     <span class='ocr_line' id='line_1_8' title="bbox 240 1100 1396 1185; baseline 0.002 -21"><span class='ocrx_word' id='word_1_57' title='bbox 240 1100 351 1183; x_wconf 82' lang='lat' dir='ltr'><strong>Atque</strong></span> <span class='ocrx_word' id='word_1_58' title='bbox 376 1100 514 1166; x_wconf 84' lang='lat' dir='ltr'><strong>hamire‘</strong></span> <span class='ocrx_word' id='word_1_59' title='bbox 543 1100 679 1185; x_wconf 89' lang='lat' dir='ltr'><strong>parodia</strong></span> <span class='ocrx_word' id='word_1_60' title='bbox 709 1101 845 1183; x_wconf 89' lang='lat' dir='ltr'><strong>deflexit,</strong></span> <span class='ocrx_word' id='word_1_61' title='bbox 876 1100 1050 1165; x_wconf 81' lang='lat' dir='ltr'><strong>Horatium</strong></span> <span class='ocrx_word' id='word_1_62' title='bbox 1079 1122 1171 1165; x_wconf 76' lang='lat' dir='ltr'><strong>ursum</strong></span> <span class='ocrx_word' id='word_1_63' title='bbox 1202 1123 1269 1167; x_wconf 87' lang='lat' dir='ltr'><strong>esse</strong></span> <span class='ocrx_word' id='word_1_64' title='bbox 1284 1101 1396 1166; x_wconf 89' lang='lat' dir='ltr'><strong>Wein·</strong></span> 
     </span>
     <span class='ocr_line' id='line_1_9' title="bbox 242 1208 739 1294; baseline 0 -22"><span class='ocrx_word' id='word_1_65' title='bbox 242 1209 463 1294; x_wconf 80' lang='lat' dir='ltr'><strong>gaertnerus1)</strong></span> <span class='ocrx_word' id='word_1_66' title='bbox 487 1209 564 1272; x_wconf 91' lang='lat' dir='ltr'><strong>mihi</strong></span> <span class='ocrx_word' id='word_1_67' title='bbox 582 1208 739 1291; x_wconf 89' lang='lat' dir='ltr'><strong>probavit.</strong></span> 
     </span>
    </p>

    <p class='ocr_par' dir='ltr' id='par_1_3' title="bbox 240 1315 1480 1831">
     <span class='ocr_line' id='line_1_10' title="bbox 343 1315 1395 1398; baseline 0.002 -18"><span class='ocrx_word' id='word_1_68' title='bbox 343 1315 458 1382; x_wconf 90' lang='lat' dir='ltr'><strong>Horat.</strong></span> <span class='ocrx_word' id='word_1_69' title='bbox 475 1315 558 1394; x_wconf 83' lang='lat'><strong>114,</strong></span> <span class='ocrx_word' id='word_1_70' title='bbox 582 1319 641 1381; x_wconf 88' lang='lat'><strong>33:</strong></span> <span class='ocrx_word' id='word_1_71' title='bbox 666 1315 794 1396; x_wconf 87' lang='lat' dir='ltr'><strong>,Ostrea</strong></span> <span class='ocrx_word' id='word_1_72' title='bbox 818 1316 948 1398; x_wconf 78' lang='lat' dir='ltr'><strong>Circeia,</strong></span> <span class='ocrx_word' id='word_1_73' title='bbox 970 1316 1093 1381; x_wconf 84' lang='lat' dir='ltr'><strong>Miseno</strong></span> <span class='ocrx_word' id='word_1_74' title='bbox 1114 1318 1259 1382; x_wconf 89' lang='lat' dir='ltr'><strong>oriuntur</strong></span> <span class='ocrx_word' id='word_1_75' title='bbox 1282 1317 1395 1382; x_wconf 88' lang='lat' dir='ltr'><strong>ecbini‘</strong></span> 
     </span>
     <span class='ocr_line' id='line_1_11' title="bbox 240 1418 1480 1510; baseline 0.002 -23"><span class='ocrx_word' id='word_1_76' title='bbox 240 1429 273 1487; x_wconf 92' lang='lat' dir='ltr'><strong>et</strong></span> <span class='ocrx_word' id='word_1_77' title='bbox 293 1422 389 1490; x_wconf 89' lang='lat' dir='ltr'><strong>Varr.</strong></span> <span class='ocrx_word' id='word_1_78' title='bbox 414 1429 473 1490; x_wconf 88' lang='lat' dir='ltr'><strong>sat.</strong></span> <span class='ocrx_word' id='word_1_79' title='bbox 500 1421 639 1508; x_wconf 86' lang='lat' dir='ltr'><strong>Menipp.</strong></span> <span class='ocrx_word' id='word_1_80' title='bbox 670 1423 769 1510; x_wconf 87' lang='lat' dir='ltr'><strong>(Ries.</strong></span> <span class='ocrx_word' id='word_1_81' title='bbox 799 1448 830 1508; x_wconf 92' lang='lat' dir='ltr'><strong>p.</strong></span> <span class='ocrx_word' id='word_1_82' title='bbox 862 1425 953 1510; x_wconf 83' lang='lat'>138):</span> <span class='ocrx_word' id='word_1_83' title='bbox 989 1446 1063 1506; x_wconf 85' lang='lat' dir='ltr'><strong>,non</strong></span> <span class='ocrx_word' id='word_1_84' title='bbox 1095 1446 1188 1508; x_wconf 89' lang='lat' dir='ltr'><strong>posse</strong></span> <span class='ocrx_word' id='word_1_85' title='bbox 1223 1431 1330 1490; x_wconf 89' lang='lat' dir='ltr'><strong>ostrea</strong></span> <span class='ocrx_word' id='word_1_86' title='bbox 1362 1448 1397 1491; x_wconf 89' lang='lat' dir='ltr'><strong>se</strong></span> <span class='ocrx_word' id='word_1_87' title='bbox 1476 1418 1480 1427; x_wconf 74' lang='lat'>&#39;</span> 
     </span>
     <span class='ocr_line' id='line_1_12' title="bbox 240 1531 1398 1615; baseline 0.003 -20"><span class='ocrx_word' id='word_1_88' title='bbox 240 1531 365 1595; x_wconf 88' lang='lat' dir='ltr'><strong>Romae</strong></span> <span class='ocrx_word' id='word_1_89' title='bbox 387 1531 542 1615; x_wconf 89' lang='lat' dir='ltr'><strong>praebere</strong></span> <span class='ocrx_word' id='word_1_90' title='bbox 565 1538 596 1598; x_wconf 89' lang='lat' dir='ltr'><strong>et</strong></span> <span class='ocrx_word' id='word_1_91' title='bbox 619 1532 768 1600; x_wconf 84' lang='lat' dir='ltr'><strong>echinos‘.</strong></span> <span class='ocrx_word' id='word_1_92' title='bbox 811 1531 956 1596; x_wconf 82' lang='lat' dir='ltr'><strong>Eaedem</strong></span> <span class='ocrx_word' id='word_1_93' title='bbox 987 1532 1117 1597; x_wconf 82' lang='lat' dir='ltr'><strong>deliciae</strong></span> <span class='ocrx_word' id='word_1_94' title='bbox 1147 1533 1319 1598; x_wconf 89' lang='lat' dir='ltr'><strong>culinariae</strong></span> <span class='ocrx_word' id='word_1_95' title='bbox 1345 1533 1398 1598; x_wconf 90' lang='lat' dir='ltr'><strong>bie</strong></span> 
     </span>
     <span class='ocr_line' id='line_1_13' title="bbox 243 1640 1397 1724; baseline 0.003 -19"><span class='ocrx_word' id='word_1_96' title='bbox 243 1645 276 1705; x_wconf 89' lang='lat' dir='ltr'><strong>ct</strong></span> <span class='ocrx_word' id='word_1_97' title='bbox 308 1640 371 1703; x_wconf 92' lang='lat' dir='ltr'><strong>illic</strong></span> <span class='ocrx_word' id='word_1_98' title='bbox 403 1641 596 1723; x_wconf 87' lang='lat' dir='ltr'><strong>compositae</strong></span> <span class='ocrx_word' id='word_1_99' title='bbox 628 1641 749 1705; x_wconf 90' lang='lat' dir='ltr'><strong>nullum</strong></span> <span class='ocrx_word' id='word_1_100' title='bbox 780 1640 901 1705; x_wconf 89' lang='lat' dir='ltr'><strong>habent</strong></span> <span class='ocrx_word' id='word_1_101' title='bbox 931 1641 1069 1724; x_wconf 79' lang='lat' dir='ltr'><strong>pondua,</strong></span> <span class='ocrx_word' id='word_1_102' title='bbox 1105 1643 1180 1724; x_wconf 90' lang='lat' dir='ltr'><strong>quia</strong></span> <span class='ocrx_word' id='word_1_103' title='bbox 1213 1644 1397 1709; x_wconf 82' lang='lat' dir='ltr'><strong>notissimae</strong></span> 
     </span>
     <span class='ocr_line' id='line_1_14' title="bbox 244 1748 1326 1831; baseline 0.006 -20"><span class='ocrx_word' id='word_1_104' title='bbox 244 1748 545 1831; x_wconf 80' lang='lat' dir='ltr'><strong>accept-issimaeque</strong></span> <span class='ocrx_word' id='word_1_105' title='bbox 568 1755 660 1813; x_wconf 90' lang='lat' dir='ltr'><strong>erant</strong></span> <span class='ocrx_word' id='word_1_106' title='bbox 681 1756 713 1814; x_wconf 87' lang='lat' dir='ltr'><strong>et</strong></span> <span class='ocrx_word' id='word_1_107' title='bbox 735 1750 962 1813; x_wconf 86' lang='lat' dir='ltr'><strong>sententiarum</strong></span> <span class='ocrx_word' id='word_1_108' title='bbox 987 1771 1085 1814; x_wconf 82' lang='lat' dir='ltr'><strong>nexus</strong></span> <span class='ocrx_word' id='word_1_109' title='bbox 1107 1750 1248 1815; x_wconf 86' lang='lat' dir='ltr'><strong>diversus</strong></span> <span class='ocrx_word' id='word_1_110' title='bbox 1270 1758 1326 1818; x_wconf 87' lang='lat' dir='ltr'><strong>est.</strong></span> 
     </span>
    </p>

    <p class='ocr_par' dir='ltr' id='par_1_4' title="bbox 244 1855 1407 2478">
     <span class='ocr_line' id='line_1_15' title="bbox 345 1855 1407 1941; baseline 0.006 -22"><span class='ocrx_word' id='word_1_111' title='bbox 345 1855 461 1922; x_wconf 86' lang='lat' dir='ltr'><strong>Horat.</strong></span> <span class='ocrx_word' id='word_1_112' title='bbox 473 1862 531 1922; x_wconf 87' lang='lat' dir='ltr'><strong>sat.</strong></span> <span class='ocrx_word' id='word_1_113' title='bbox 547 1856 585 1920; x_wconf 85' lang='grc' dir='ltr'><strong>ΙΙ</strong></span> <span class='ocrx_word' id='word_1_114' title='bbox 601 1861 629 1935; x_wconf 82' lang='grc'><strong>5,</strong></span> <span class='ocrx_word' id='word_1_115' title='bbox 648 1860 717 1936; x_wconf 88' lang='lat'>103,</span> <span class='ocrx_word' id='word_1_116' title='bbox 742 1860 822 1922; x_wconf 78' lang='lat'>104:</span> <span class='ocrx_word' id='word_1_117' title='bbox 847 1864 905 1938; x_wconf 90' lang='lat' dir='ltr'><strong>,est</strong></span> <span class='ocrx_word' id='word_1_118' title='bbox 921 1857 1051 1924; x_wconf 83' lang='lat' dir='ltr'><strong>Gaudia</strong></span> <span class='ocrx_word' id='word_1_119' title='bbox 1068 1858 1254 1941; x_wconf 86' lang='lat' dir='ltr'><strong>prodentem</strong></span> <span class='ocrx_word' id='word_1_120' title='bbox 1276 1860 1407 1925; x_wconf 85' lang='lat' dir='ltr'><strong>voltnm&#39;</strong></span> 
     </span>
     <span class='ocr_line' id='line_1_16' title="bbox 245 1963 1398 2050; baseline 0.005 -24"><span class='ocrx_word' id='word_1_121' title='bbox 245 1963 357 2026; x_wconf 89' lang='lat' dir='ltr'><strong>celare‘</strong></span> <span class='ocrx_word' id='word_1_122' title='bbox 378 1969 410 2027; x_wconf 91' lang='lat' dir='ltr'><strong>et</strong></span> <span class='ocrx_word' id='word_1_123' title='bbox 421 1963 517 2030; x_wconf 88' lang='lat' dir='ltr'><strong>Varr.</strong></span> <span class='ocrx_word' id='word_1_124' title='bbox 530 1970 607 2030; x_wconf 88' lang='lat' dir='ltr'><strong>sent.</strong></span> <span class='ocrx_word' id='word_1_125' title='bbox 624 1965 723 2050; x_wconf 76' lang='lat' dir='ltr'><strong>(aies.</strong></span> <span class='ocrx_word' id='word_1_126' title='bbox 735 1986 766 2048; x_wconf 89' lang='lat' dir='ltr'><strong>p.</strong></span> <span class='ocrx_word' id='word_1_127' title='bbox 782 1967 856 2044; x_wconf 78' lang='lat'><strong>265,</strong></span> <span class='ocrx_word' id='word_1_128' title='bbox 877 1965 947 2050; x_wconf 89' lang='lat'>11):</span> <span class='ocrx_word' id='word_1_129' title='bbox 971 1967 1026 2044; x_wconf 92' lang='lat' dir='ltr'><strong>,sic</strong></span> <span class='ocrx_word' id='word_1_130' title='bbox 1047 1965 1102 2030; x_wconf 90' lang='lat' dir='ltr'><strong>flet</strong></span> <span class='ocrx_word' id='word_1_131' title='bbox 1122 1966 1213 2031; x_wconf 89' lang='lat' dir='ltr'><strong>heres</strong></span> <span class='ocrx_word' id='word_1_132' title='bbox 1233 1973 1269 2031; x_wconf 91' lang='lat' dir='ltr'><strong>nt</strong></span> <span class='ocrx_word' id='word_1_133' title='bbox 1290 1969 1398 2050; x_wconf 89' lang='lat' dir='ltr'><strong>puella</strong></span> 
     </span>
     <span class='ocr_line' id='line_1_17' title="bbox 244 2071 1396 2157; baseline 0.004 -23"><span class='ocrx_word' id='word_1_134' title='bbox 244 2071 312 2135; x_wconf 92' lang='lat' dir='ltr'><strong>viro</strong></span> <span class='ocrx_word' id='word_1_135' title='bbox 326 2077 441 2155; x_wconf 88' lang='lat' dir='ltr'><strong>nupta:</strong></span> <span class='ocrx_word' id='word_1_136' title='bbox 458 2072 624 2154; x_wconf 89' lang='lat' dir='ltr'><strong>utriusque</strong></span> <span class='ocrx_word' id='word_1_137' title='bbox 634 2071 728 2136; x_wconf 90' lang='lat' dir='ltr'><strong>fletus</strong></span> <span class='ocrx_word' id='word_1_138' title='bbox 739 2093 803 2136; x_wconf 91' lang='lat' dir='ltr'><strong>non</strong></span> <span class='ocrx_word' id='word_1_139' title='bbox 815 2093 973 2155; x_wconf 88' lang='lat' dir='ltr'><strong>apparens</strong></span> <span class='ocrx_word' id='word_1_140' title='bbox 988 2079 1036 2137; x_wconf 89' lang='lat' dir='ltr'><strong>est</strong></span> <span class='ocrx_word' id='word_1_141' title='bbox 1047 2075 1150 2138; x_wconf 57' lang='lat' dir='ltr'><strong>risus}</strong></span> <span class='ocrx_word' id='word_1_142' title='bbox 1165 2073 1216 2138; x_wconf 83' lang='lat' dir='ltr'><strong>Hx</strong></span> <span class='ocrx_word' id='word_1_143' title='bbox 1227 2074 1396 2157; x_wconf 63' lang='lat' dir='ltr'><strong>Varronis</strong></span> 
     </span>
     <span class='ocr_line' id='line_1_18' title="bbox 246 2179 1398 2264; baseline 0.003 -22"><span class='ocrx_word' id='word_1_144' title='bbox 246 2200 327 2260; x_wconf 88' lang='lat' dir='ltr'><strong>qnae</strong></span> <span class='ocrx_word' id='word_1_145' title='bbox 345 2179 501 2258; x_wconf 88' lang='lat' dir='ltr'><strong>dicuntur,</strong></span> <span class='ocrx_word' id='word_1_146' title='bbox 524 2180 687 2244; x_wconf 89' lang='lat' dir='ltr'><strong>sententiis</strong></span> <span class='ocrx_word' id='word_1_147' title='bbox 706 2180 759 2244; x_wconf 91' lang='lat' dir='ltr'><strong>hic</strong></span> <span class='ocrx_word' id='word_1_148' title='bbox 779 2179 868 2243; x_wconf 89' lang='lat' dir='ltr'><strong>loeus</strong></span> <span class='ocrx_word' id='word_1_149' title='bbox 888 2186 1032 2263; x_wconf 86' lang='lat' dir='ltr'><strong>sumptus</strong></span> <span class='ocrx_word' id='word_1_150' title='bbox 1054 2202 1092 2245; x_wconf 90' lang='lat' dir='ltr'><strong>ea</strong></span> <span class='ocrx_word' id='word_1_151' title='bbox 1108 2182 1145 2259; x_wconf 90' lang='lat' dir='ltr'><strong>vi,</strong></span> <span class='ocrx_word' id='word_1_152' title='bbox 1170 2202 1266 2264; x_wconf 89' lang='lat' dir='ltr'><strong>qnam</strong></span> <span class='ocrx_word' id='word_1_153' title='bbox 1283 2181 1398 2246; x_wconf 81' lang='lat' dir='ltr'><strong>tribuit</strong></span> 
     </span>
     <span class='ocr_line' id='line_1_19' title="bbox 245 2286 1397 2366; baseline 0.003 -16"><span class='ocrx_word' id='word_1_154' title='bbox 245 2286 357 2351; x_wconf 91' lang='lat' dir='ltr'><strong>Herm.</strong></span> <span class='ocrx_word' id='word_1_155' title='bbox 380 2287 593 2366; x_wconf 80' lang='lat' dir='ltr'><strong>Fritzsohius‚</strong></span> <span class='ocrx_word' id='word_1_156' title='bbox 623 2293 719 2354; x_wconf 89' lang='lat' dir='ltr'><strong>caret.</strong></span> <span class='ocrx_word' id='word_1_157' title='bbox 768 2288 942 2352; x_wconf 89' lang='lat' dir='ltr'><strong>Praeterea</strong></span> <span class='ocrx_word' id='word_1_158' title='bbox 970 2289 1024 2353; x_wconf 90' lang='lat' dir='ltr'><strong>illa</strong></span> <span class='ocrx_word' id='word_1_159' title='bbox 1052 2290 1208 2354; x_wconf 88' lang='lat' dir='ltr'><strong>sententia</strong></span> <span class='ocrx_word' id='word_1_160' title='bbox 1236 2295 1302 2354; x_wconf 93' lang='lat' dir='ltr'><strong>tam</strong></span> <span class='ocrx_word' id='word_1_161' title='bbox 1330 2290 1397 2354; x_wconf 90' lang='lat' dir='ltr'><strong>vul-</strong></span> 
     </span>
     <span class='ocr_line' id='line_1_20' title="bbox 245 2394 1398 2478; baseline 0.004 -20"><span class='ocrx_word' id='word_1_162' title='bbox 245 2395 331 2473; x_wconf 86' lang='lat' dir='ltr'><strong>garis</strong></span> <span class='ocrx_word' id='word_1_163' title='bbox 359 2400 414 2470; x_wconf 89' lang='lat' dir='ltr'><strong>est,</strong></span> <span class='ocrx_word' id='word_1_164' title='bbox 445 2400 481 2458; x_wconf 91' lang='lat' dir='ltr'><strong>ut</strong></span> <span class='ocrx_word' id='word_1_165' title='bbox 507 2394 547 2459; x_wconf 91' lang='lat' dir='ltr'><strong>de</strong></span> <span class='ocrx_word' id='word_1_166' title='bbox 573 2394 637 2458; x_wconf 92' lang='lat' dir='ltr'><strong>nlla</strong></span> <span class='ocrx_word' id='word_1_167' title='bbox 659 2397 858 2460; x_wconf 87' lang='lat' dir='ltr'><strong>mutuatione</strong></span> <span class='ocrx_word' id='word_1_168' title='bbox 880 2395 1021 2478; x_wconf 89' lang='lat' dir='ltr'><strong>cogitare</strong></span> <span class='ocrx_word' id='word_1_169' title='bbox 1045 2398 1171 2460; x_wconf 91' lang='lat' dir='ltr'><strong>omnino</strong></span> <span class='ocrx_word' id='word_1_170' title='bbox 1202 2418 1265 2460; x_wconf 93' lang='lat' dir='ltr'><strong>non</strong></span> <span class='ocrx_word' id='word_1_171' title='bbox 1292 2397 1398 2464; x_wconf 88' lang='lat' dir='ltr'><strong>liceat.</strong></span> 
     </span>
    </p>
   </div>
   <div class='ocr_carea' id='block_1_3' title="bbox 244 2503 1398 2694">
    <p class='ocr_par' dir='ltr' id='par_1_5' title="bbox 244 2503 1398 2694">
     <span class='ocr_line' id='line_1_21' title="bbox 244 2503 1398 2588; baseline 0.003 -21"><span class='ocrx_word' id='word_1_172' title='bbox 244 2503 407 2568; x_wconf 90' lang='lat' dir='ltr'><strong>Heredem</strong></span> <span class='ocrx_word' id='word_1_173' title='bbox 431 2503 513 2567; x_wconf 91' lang='lat' dir='ltr'><strong>enim</strong></span> <span class='ocrx_word' id='word_1_174' title='bbox 534 2503 673 2584; x_wconf 88' lang='lat' dir='ltr'><strong>flentem,</strong></span> <span class='ocrx_word' id='word_1_175' title='bbox 696 2504 752 2568; x_wconf 87' lang='lat' dir='ltr'><strong>sed</strong></span> <span class='ocrx_word' id='word_1_176' title='bbox 767 2505 813 2568; x_wconf 91' lang='lat' dir='ltr'><strong>ita</strong></span> <span class='ocrx_word' id='word_1_177' title='bbox 829 2503 967 2583; x_wconf 88' lang='lat' dir='ltr'><strong>flentem,</strong></span> <span class='ocrx_word' id='word_1_178' title='bbox 987 2509 1023 2567; x_wconf 92' lang='lat' dir='ltr'><strong>ut</strong></span> <span class='ocrx_word' id='word_1_179' title='bbox 1038 2503 1129 2568; x_wconf 87' lang='lat' dir='ltr'><strong>fletus</strong></span> <span class='ocrx_word' id='word_1_180' title='bbox 1145 2505 1263 2570; x_wconf 87' lang='lat' dir='ltr'><strong>celaret</strong></span> <span class='ocrx_word' id='word_1_181' title='bbox 1277 2505 1398 2588; x_wconf 88' lang='lat' dir='ltr'><strong>gandia</strong></span> 
     </span>
     <span class='ocr_line' id='line_1_22' title="bbox 244 2610 1028 2694; baseline 0 -20"><span class='ocrx_word' id='word_1_182' title='bbox 244 2611 360 2691; x_wconf 81' lang='lat' dir='ltr'><strong>vultuS,</strong></span> <span class='ocrx_word' id='word_1_183' title='bbox 385 2611 455 2693; x_wconf 87' lang='lat' dir='ltr'><strong>quis</strong></span> <span class='ocrx_word' id='word_1_184' title='bbox 477 2615 554 2690; x_wconf 86' lang='lat' dir='ltr'><strong>tum,</strong></span> <span class='ocrx_word' id='word_1_185' title='bbox 576 2611 626 2674; x_wconf 90' lang='lat' dir='ltr'><strong>vel</strong></span> <span class='ocrx_word' id='word_1_186' title='bbox 644 2611 715 2694; x_wconf 88' lang='lat' dir='ltr'><strong>quis</strong></span> <span class='ocrx_word' id='word_1_187' title='bbox 737 2633 819 2676; x_wconf 88' lang='lat' dir='ltr'><strong>nune</strong></span> <span class='ocrx_word' id='word_1_188' title='bbox 842 2632 905 2674; x_wconf 90' lang='lat' dir='ltr'><strong>non</strong></span> <span class='ocrx_word' id='word_1_189' title='bbox 927 2610 1028 2675; x_wconf 82' lang='lat' dir='ltr'><strong>vidit?</strong></span> 
     </span>
    </p>
   </div>
   <div class='ocr_carea' id='block_1_4' title="bbox 244 2738 1400 3798">
    <p class='ocr_par' dir='ltr' id='par_1_6' title="bbox 244 2738 1400 3798">
     <span class='ocr_line' id='line_1_23' title="bbox 345 2738 1398 2823; baseline 0.003 -21"><span class='ocrx_word' id='word_1_190' title='bbox 345 2738 462 2804; x_wconf 89' lang='lat' dir='ltr'><strong>Horat.</strong></span> <span class='ocrx_word' id='word_1_191' title='bbox 485 2745 543 2805; x_wconf 90' lang='lat' dir='ltr'><strong>sat.</strong></span> <span class='ocrx_word' id='word_1_192' title='bbox 566 2739 605 2803; x_wconf 93' lang='lat' dir='ltr'><strong>II</strong></span> <span class='ocrx_word' id='word_1_193' title='bbox 629 2743 656 2817; x_wconf 84' lang='lat'><strong>6,</strong></span> <span class='ocrx_word' id='word_1_194' title='bbox 690 2743 729 2804; x_wconf 84' lang='lat'><strong>71</strong></span> <span class='ocrx_word' id='word_1_195' title='bbox 752 2762 840 2823; x_wconf 88' lang='lat' dir='ltr'><strong>sqq.:</strong></span> <span class='ocrx_word' id='word_1_196' title='bbox 877 2739 998 2821; x_wconf 84' lang='lat' dir='ltr'><strong>,Sermo</strong></span> <span class='ocrx_word' id='word_1_197' title='bbox 1028 2741 1139 2820; x_wconf 91' lang='lat' dir='ltr'><strong>oritur,</strong></span> <span class='ocrx_word' id='word_1_198' title='bbox 1169 2761 1232 2804; x_wconf 93' lang='lat' dir='ltr'><strong>non</strong></span> <span class='ocrx_word' id='word_1_199' title='bbox 1255 2740 1294 2804; x_wconf 89' lang='lat' dir='ltr'><strong>de</strong></span> <span class='ocrx_word' id='word_1_200' title='bbox 1316 2740 1398 2806; x_wconf 86' lang='lat' dir='ltr'><strong>villis</strong></span> 
     </span>
     <span class='ocr_line' id='line_1_24' title="bbox 245 2846 1399 2932; baseline 0.003 -21"><span class='ocrx_word' id='word_1_201' title='bbox 245 2846 428 2911; x_wconf 89' lang='lat' dir='ltr'><strong>domibusve</strong></span> <span class='ocrx_word' id='word_1_202' title='bbox 454 2847 578 2928; x_wconf 83' lang='lat' dir='ltr'><strong>alienia,</strong></span> <span class='ocrx_word' id='word_1_203' title='bbox 610 2846 680 2911; x_wconf 83' lang='lat' dir='ltr'><strong>Neo</strong></span> <span class='ocrx_word' id='word_1_204' title='bbox 706 2848 911 2911; x_wconf 82' lang='lat' dir='ltr'><strong>malancena</strong></span> <span class='ocrx_word' id='word_1_205' title='bbox 937 2847 1044 2930; x_wconf 88' lang='lat' dir='ltr'><strong>Lepos</strong></span> <span class='ocrx_word' id='word_1_206' title='bbox 1071 2848 1181 2927; x_wconf 83' lang='lat' dir='ltr'><strong>saltet3</strong></span> <span class='ocrx_word' id='word_1_207' title='bbox 1214 2849 1279 2929; x_wconf 90' lang='lat' dir='ltr'><strong>sed,</strong></span> <span class='ocrx_word' id='word_1_208' title='bbox 1311 2849 1399 2932; x_wconf 89' lang='lat' dir='ltr'><strong>quod</strong></span> 
     </span>
     <span class='ocr_line' id='line_1_25' title="bbox 244 2954 1400 3039; baseline 0.003 -21"><span class='ocrx_word' id='word_1_209' title='bbox 244 2956 346 3038; x_wconf 89' lang='lat' dir='ltr'><strong>magis</strong></span> <span class='ocrx_word' id='word_1_210' title='bbox 369 2954 411 3019; x_wconf 91' lang='lat' dir='ltr'><strong>ad</strong></span> <span class='ocrx_word' id='word_1_211' title='bbox 436 2975 494 3018; x_wconf 88' lang='lat' dir='ltr'><strong>nos</strong></span> <span class='ocrx_word' id='word_1_212' title='bbox 516 2955 662 3019; x_wconf 90' lang='lat' dir='ltr'><strong>Pertinet</strong></span> <span class='ocrx_word' id='word_1_213' title='bbox 688 2961 720 3019; x_wconf 90' lang='lat' dir='ltr'><strong>et</strong></span> <span class='ocrx_word' id='word_1_214' title='bbox 747 2955 867 3019; x_wconf 91' lang='lat' dir='ltr'><strong>nescire</strong></span> <span class='ocrx_word' id='word_1_215' title='bbox 894 2955 1055 3034; x_wconf 86' lang='lat' dir='ltr'><strong>malumst,</strong></span> <span class='ocrx_word' id='word_1_216' title='bbox 1083 2956 1242 3039; x_wconf 90' lang='lat' dir='ltr'><strong>agitamus</strong></span> <span class='ocrx_word' id='word_1_217' title='bbox 1267 2962 1337 3021; x_wconf 79' lang='lat' dir='ltr'><strong>eet‘</strong></span> <span class='ocrx_word' id='word_1_218' title='bbox 1366 2964 1400 3022; x_wconf 91' lang='lat' dir='ltr'><strong>et</strong></span> 
     </span>
     <span class='ocr_line' id='line_1_26' title="bbox 245 3063 1399 3150; baseline 0 -20"><span class='ocrx_word' id='word_1_219' title='bbox 245 3063 341 3130; x_wconf 88' lang='lat' dir='ltr'><strong>Varr.</strong></span> <span class='ocrx_word' id='word_1_220' title='bbox 371 3069 430 3130; x_wconf 84' lang='lat' dir='ltr'><strong>sat.</strong></span> <span class='ocrx_word' id='word_1_221' title='bbox 457 3063 596 3148; x_wconf 83' lang='lat' dir='ltr'><strong>Menipp.</strong></span> <span class='ocrx_word' id='word_1_222' title='bbox 624 3065 724 3150; x_wconf 80' lang='lat' dir='ltr'><strong>(Ries</strong></span> <span class='ocrx_word' id='word_1_223' title='bbox 747 3087 776 3147; x_wconf 95' lang='lat' dir='ltr'><strong>p.</strong></span> <span class='ocrx_word' id='word_1_224' title='bbox 806 3065 897 3148; x_wconf 78' lang='lat'>175):</span> <span class='ocrx_word' id='word_1_225' title='bbox 931 3086 1102 3144; x_wconf 88' lang='lat' dir='ltr'><strong>,sermones</strong></span> <span class='ocrx_word' id='word_1_226' title='bbox 1131 3067 1228 3148; x_wconf 89' lang='lat' dir='ltr'><strong>igitur</strong></span> <span class='ocrx_word' id='word_1_227' title='bbox 1257 3065 1291 3128; x_wconf 90' lang='lat' dir='ltr'><strong>id</strong></span> <span class='ocrx_word' id='word_1_228' title='bbox 1320 3072 1399 3131; x_wconf 89' lang='lat' dir='ltr'><strong>tem·</strong></span> 
     </span>
     <span class='ocr_line' id='line_1_27' title="bbox 245 3172 1399 3258; baseline 0.003 -23"><span class='ocrx_word' id='word_1_229' title='bbox 245 3173 333 3254; x_wconf 89' lang='lat' dir='ltr'><strong>poris</strong></span> <span class='ocrx_word' id='word_1_230' title='bbox 351 3172 385 3256; x_wconf 89' lang='lat' dir='ltr'><strong>(i.</strong></span> <span class='ocrx_word' id='word_1_231' title='bbox 402 3194 427 3235; x_wconf 92' lang='lat' dir='ltr'><strong>e.</strong></span> <span class='ocrx_word' id='word_1_232' title='bbox 443 3172 476 3234; x_wconf 91' lang='lat' dir='ltr'><strong>in</strong></span> <span class='ocrx_word' id='word_1_233' title='bbox 491 3172 647 3258; x_wconf 90' lang='lat' dir='ltr'><strong>cenando)</strong></span> <span class='ocrx_word' id='word_1_234' title='bbox 668 3173 833 3238; x_wconf 85' lang='lat' dir='ltr'><strong>habendos</strong></span> <span class='ocrx_word' id='word_1_235' title='bbox 853 3178 960 3237; x_wconf 89' lang='lat' dir='ltr'><strong>censet</strong></span> <span class='ocrx_word' id='word_1_236' title='bbox 980 3194 1043 3237; x_wconf 93' lang='lat' dir='ltr'><strong>non</strong></span> <span class='ocrx_word' id='word_1_237' title='bbox 1064 3194 1158 3255; x_wconf 90' lang='lat' dir='ltr'><strong>snper</strong></span> <span class='ocrx_word' id='word_1_238' title='bbox 1179 3173 1275 3238; x_wconf 88' lang='lat' dir='ltr'><strong>rebus</strong></span> <span class='ocrx_word' id='word_1_239' title='bbox 1296 3175 1399 3238; x_wconf 83' lang='lat' dir='ltr'><strong>anxiis</strong></span> 
     </span>
     <span class='ocr_line' id='line_1_28' title="bbox 246 3280 1399 3364; baseline 0.002 -20"><span class='ocrx_word' id='word_1_240' title='bbox 246 3286 303 3344; x_wconf 89' lang='lat' dir='ltr'><strong>ant</strong></span> <span class='ocrx_word' id='word_1_241' title='bbox 324 3280 484 3359; x_wconf 71' lang='lat' dir='ltr'><strong>tortuosis</strong></span> <span class='ocrx_word' id='word_1_242' title='bbox 516 3281 571 3345; x_wconf 87' lang='lat' dir='ltr'><strong>sed</strong></span> <span class='ocrx_word' id='word_1_243' title='bbox 594 3282 748 3347; x_wconf 89' lang='lat' dir='ltr'><strong>iucundos</strong></span> <span class='ocrx_word' id='word_1_244' title='bbox 771 3288 803 3346; x_wconf 88' lang='lat' dir='ltr'><strong>et</strong></span> <span class='ocrx_word' id='word_1_245' title='bbox 829 3280 1007 3345; x_wconf 79' lang='lat' dir='ltr'><strong>invitabiles</strong></span> <span class='ocrx_word' id='word_1_246' title='bbox 1031 3290 1063 3345; x_wconf 88' lang='lat' dir='ltr'><strong>et</strong></span> <span class='ocrx_word' id='word_1_247' title='bbox 1088 3303 1160 3344; x_wconf 89' lang='lat' dir='ltr'><strong>eum</strong></span> <span class='ocrx_word' id='word_1_248' title='bbox 1186 3282 1325 3364; x_wconf 88' lang='lat' dir='ltr'><strong>quadam</strong></span> <span class='ocrx_word' id='word_1_249' title='bbox 1352 3283 1399 3346; x_wconf 92' lang='lat' dir='ltr'><strong>in-</strong></span> 
     </span>
     <span class='ocr_line' id='line_1_29' title="bbox 244 3388 1398 3473; baseline 0.002 -21"><span class='ocrx_word' id='word_1_250' title='bbox 244 3388 371 3453; x_wconf 89' lang='lat' dir='ltr'><strong>lecebra</strong></span> <span class='ocrx_word' id='word_1_251' title='bbox 383 3394 414 3452; x_wconf 90' lang='lat' dir='ltr'><strong>et</strong></span> <span class='ocrx_word' id='word_1_252' title='bbox 426 3388 588 3470; x_wconf 87' lang='lat' dir='ltr'><strong>voluptate</strong></span> <span class='ocrx_word' id='word_1_253' title='bbox 598 3390 701 3471; x_wconf 90' lang='lat' dir='ltr'><strong>utiles,</strong></span> <span class='ocrx_word' id='word_1_254' title='bbox 717 3412 756 3455; x_wconf 86' lang='lat' dir='ltr'><strong>ex</strong></span> <span class='ocrx_word' id='word_1_255' title='bbox 771 3389 886 3473; x_wconf 88' lang='lat' dir='ltr'><strong>quibus</strong></span> <span class='ocrx_word' id='word_1_256' title='bbox 901 3389 1063 3472; x_wconf 85' lang='lat' dir='ltr'><strong>ingenium</strong></span> <span class='ocrx_word' id='word_1_257' title='bbox 1080 3394 1224 3453; x_wconf 91' lang='lat' dir='ltr'><strong>nostrum</strong></span> <span class='ocrx_word' id='word_1_258' title='bbox 1235 3390 1398 3454; x_wconf 82' lang='lat' dir='ltr'><strong>venustius</strong></span> 
     </span>
     <span class='ocr_line' id='line_1_30' title="bbox 246 3495 1400 3580; baseline 0.003 -20"><span class='ocrx_word' id='word_1_259' title='bbox 246 3497 303 3561; x_wconf 87' lang='lat' dir='ltr'><strong>liat</strong></span> <span class='ocrx_word' id='word_1_260' title='bbox 324 3502 356 3562; x_wconf 89' lang='lat' dir='ltr'><strong>et</strong></span> <span class='ocrx_word' id='word_1_261' title='bbox 377 3496 540 3560; x_wconf 88' lang='lat' dir='ltr'><strong>amoenius</strong></span> <span class='ocrx_word' id='word_1_262' title='bbox 563 3503 629 3561; x_wconf 89' lang='lat' dir='ltr'><strong>eet‘.</strong></span> <span class='ocrx_word' id='word_1_263' title='bbox 672 3498 748 3563; x_wconf 86' lang='lat' dir='ltr'><strong>Non</strong></span> <span class='ocrx_word' id='word_1_264' title='bbox 770 3520 837 3562; x_wconf 89' lang='lat' dir='ltr'><strong>esse</strong></span> <span class='ocrx_word' id='word_1_265' title='bbox 866 3503 952 3580; x_wconf 87' lang='lat' dir='ltr'><strong>putu,</strong></span> <span class='ocrx_word' id='word_1_266' title='bbox 983 3518 1039 3561; x_wconf 92' lang='lat' dir='ltr'><strong>cur</strong></span> <span class='ocrx_word' id='word_1_267' title='bbox 1060 3495 1180 3560; x_wconf 89' lang='lat' dir='ltr'><strong>Horati</strong></span> <span class='ocrx_word' id='word_1_268' title='bbox 1207 3498 1333 3580; x_wconf 88' lang='lat' dir='ltr'><strong>ingenio</strong></span> <span class='ocrx_word' id='word_1_269' title='bbox 1364 3498 1400 3563; x_wconf 92' lang='lat' dir='ltr'><strong>hi</strong></span> 
     </span>
     <span class='ocr_line' id='line_1_31' title="bbox 246 3602 1398 3689; baseline 0.003 -21"><span class='ocrx_word' id='word_1_270' title='bbox 246 3626 354 3669; x_wconf 91' lang='lat' dir='ltr'><strong>versus</strong></span> <span class='ocrx_word' id='word_1_271' title='bbox 388 3602 599 3687; x_wconf 86' lang='lat' dir='ltr'><strong>abrogentur,</strong></span> <span class='ocrx_word' id='word_1_272' title='bbox 634 3607 688 3688; x_wconf 89' lang='lat' dir='ltr'><strong>qni</strong></span> <span class='ocrx_word' id='word_1_273' title='bbox 720 3626 906 3689; x_wconf 88' lang='lat' dir='ltr'><strong>germanam</strong></span> <span class='ocrx_word' id='word_1_274' title='bbox 934 3603 1054 3668; x_wconf 91' lang='lat' dir='ltr'><strong>Horati</strong></span> <span class='ocrx_word' id='word_1_275' title='bbox 1088 3609 1237 3668; x_wconf 91' lang='lat' dir='ltr'><strong>naturam</strong></span> <span class='ocrx_word' id='word_1_276' title='bbox 1266 3605 1398 3687; x_wconf 84' lang='lat' dir='ltr'><strong>spirent.</strong></span> 
     </span>
     <span class='ocr_line' id='line_1_32' title="bbox 248 3712 1399 3798; baseline 0.003 -22"><span class='ocrx_word' id='word_1_277' title='bbox 248 3714 312 3798; x_wconf 78' lang='lat' dir='ltr'><strong>Qui</strong></span> <span class='ocrx_word' id='word_1_278' title='bbox 333 3735 404 3778; x_wconf 92' lang='lat' dir='ltr'><strong>oum</strong></span> <span class='ocrx_word' id='word_1_279' title='bbox 424 3733 557 3796; x_wconf 88' lang='lat' dir='ltr'><strong>semper,</strong></span> <span class='ocrx_word' id='word_1_280' title='bbox 588 3713 665 3796; x_wconf 91' lang='lat' dir='ltr'><strong>quid</strong></span> <span class='ocrx_word' id='word_1_281' title='bbox 688 3719 770 3778; x_wconf 85' lang='lat' dir='ltr'><strong>esset</strong></span> <span class='ocrx_word' id='word_1_282' title='bbox 793 3714 879 3794; x_wconf 88' lang='lat' dir='ltr'><strong>utile,</strong></span> <span class='ocrx_word' id='word_1_283' title='bbox 909 3717 1085 3796; x_wconf 87' lang='lat' dir='ltr'><strong>quaereret,</strong></span> <span class='ocrx_word' id='word_1_284' title='bbox 1116 3712 1212 3776; x_wconf 90' lang='lat' dir='ltr'><strong>etiam</strong></span> <span class='ocrx_word' id='word_1_285' title='bbox 1242 3713 1325 3777; x_wconf 90' lang='lat' dir='ltr'><strong>inter</strong></span> <span class='ocrx_word' id='word_1_286' title='bbox 1349 3735 1399 3779; x_wconf 89' lang='lat' dir='ltr'><strong>ee·</strong></span> 
     </span>
    </p>
   </div>
   <div class='ocr_carea' id='block_1_5' title="bbox 135 3819 1399 3901">
    <p class='ocr_par' dir='ltr' id='par_1_7' title="bbox 135 3819 1399 3901">
     <span class='ocr_line' id='line_1_33' title="bbox 135 3819 1399 3901; baseline 0 -15"><span class='ocrx_word' id='word_1_287' title='bbox 135 3894 140 3901; x_wconf 50' lang='grc'><strong>,</strong></span> <span class='ocrx_word' id='word_1_288' title='bbox 247 3822 388 3886; x_wconf 90' lang='lat' dir='ltr'><strong>nandum</strong></span> <span class='ocrx_word' id='word_1_289' title='bbox 409 3821 449 3886; x_wconf 90' lang='lat' dir='ltr'><strong>de</strong></span> <span class='ocrx_word' id='word_1_290' title='bbox 474 3820 569 3887; x_wconf 88' lang='lat' dir='ltr'><strong>rebus</strong></span> <span class='ocrx_word' id='word_1_291' title='bbox 591 3821 720 3886; x_wconf 90' lang='lat' dir='ltr'><strong>utilibus</strong></span> <span class='ocrx_word' id='word_1_292' title='bbox 744 3842 904 3887; x_wconf 88' lang='lat' dir='ltr'><strong>sermones</strong></span> <span class='ocrx_word' id='word_1_293' title='bbox 935 3820 1046 3885; x_wconf 91' lang='lat' dir='ltr'><strong>haberi</strong></span> <span class='ocrx_word' id='word_1_294' title='bbox 1068 3819 1202 3884; x_wconf 89' lang='lat' dir='ltr'><strong>voluisse</strong></span> <span class='ocrx_word' id='word_1_295' title='bbox 1232 3827 1399 3886; x_wconf 88' lang='lat' dir='ltr'><strong>consenta-</strong></span> 
     </span>
    </p>
   </div>
   <div class='ocr_carea' id='block_1_6' title="bbox 247 3935 1401 4231">
    <p class='ocr_par' dir='ltr' id='par_1_8' title="bbox 247 3935 1401 4231">
     <span class='ocr_line' id='line_1_34' title="bbox 248 3935 417 3994; baseline 0.006 -2"><span class='ocrx_word' id='word_1_296' title='bbox 248 3951 341 3993; x_wconf 89' lang='lat' dir='ltr'><strong>neum</strong></span> <span class='ocrx_word' id='word_1_297' title='bbox 361 3935 417 3994; x_wconf 89' lang='lat' dir='ltr'><strong>est.</strong></span> 
     </span>
     <span class='ocr_line' id='line_1_35' title="bbox 349 4034 1401 4120; baseline -0.001 -20"><span class='ocrx_word' id='word_1_298' title='bbox 349 4036 466 4103; x_wconf 89' lang='lat' dir='ltr'><strong>Horat.</strong></span> <span class='ocrx_word' id='word_1_299' title='bbox 486 4040 543 4102; x_wconf 86' lang='lat' dir='ltr'><strong>sat.</strong></span> <span class='ocrx_word' id='word_1_300' title='bbox 564 4037 583 4100; x_wconf 83' lang='lat'>1</span> <span class='ocrx_word' id='word_1_301' title='bbox 603 4040 630 4115; x_wconf 88' lang='grc'><strong>6,</strong></span> <span class='ocrx_word' id='word_1_302' title='bbox 654 4039 733 4103; x_wconf 86' lang='lat'>109:</span> <span class='ocrx_word' id='word_1_303' title='bbox 763 4037 863 4120; x_wconf 92' lang='lat' dir='ltr'><strong>,pueri</strong></span> <span class='ocrx_word' id='word_1_304' title='bbox 886 4036 1032 4100; x_wconf 89' lang='lat' dir='ltr'><strong>lasanum</strong></span> <span class='ocrx_word' id='word_1_305' title='bbox 1054 4038 1219 4117; x_wconf 87' lang='lat' dir='ltr'><strong>portantes</strong></span> <span class='ocrx_word' id='word_1_306' title='bbox 1240 4034 1401 4117; x_wconf 89' lang='lat' dir='ltr'><strong>oenopho-</strong></span> 
     </span>
     <span class='ocr_line' id='line_1_36' title="bbox 247 4141 1400 4231; baseline 0.002 -23"><span class='ocrx_word' id='word_1_307' title='bbox 247 4150 391 4229; x_wconf 78' lang='lat' dir='ltr'><strong>rnmque‘</strong></span> <span class='ocrx_word' id='word_1_308' title='bbox 420 4150 452 4209; x_wconf 86' lang='lat' dir='ltr'><strong>et</strong></span> <span class='ocrx_word' id='word_1_309' title='bbox 477 4141 571 4208; x_wconf 87' lang='lat' dir='ltr'><strong>Varr.</strong></span> <span class='ocrx_word' id='word_1_310' title='bbox 601 4148 659 4210; x_wconf 88' lang='lat' dir='ltr'><strong>sat.</strong></span> <span class='ocrx_word' id='word_1_311' title='bbox 691 4145 832 4229; x_wconf 88' lang='lat' dir='ltr'><strong>Menipp.</strong></span> <span class='ocrx_word' id='word_1_312' title='bbox 863 4144 962 4231; x_wconf 89' lang='lat' dir='ltr'><strong>(Ries.</strong></span> <span class='ocrx_word' id='word_1_313' title='bbox 993 4166 1024 4227; x_wconf 91' lang='lat' dir='ltr'><strong>p.</strong></span> <span class='ocrx_word' id='word_1_314' title='bbox 1054 4143 1145 4228; x_wconf 84' lang='lat'>160):</span> <span class='ocrx_word' id='word_1_315' title='bbox 1176 4141 1268 4220; x_wconf 89' lang='lat' dir='ltr'><strong>,lecto</strong></span> <span class='ocrx_word' id='word_1_316' title='bbox 1295 4148 1400 4210; x_wconf 88' lang='lat' dir='ltr'><strong>strato</strong></span> 
     </span>
    </p>
   </div>
   <div class='ocr_carea' id='block_1_7' title="bbox 352 4358 546 4429">
    <p class='ocr_par' dir='ltr' id='par_1_9' title="bbox 352 4358 546 4429">
     <span class='ocr_line' id='line_1_37' title="bbox 352 4358 546 4429; baseline 0.005 -17"><span class='ocrx_word' id='word_1_317' title='bbox 352 4360 372 4429; x_wconf 73' lang='lat'><strong>¹)</strong></span> <span class='ocrx_word' id='word_1_318' title='bbox 391 4359 408 4412; x_wconf 87' lang='lat'><strong>1.</strong></span> <span class='ocrx_word' id='word_1_319' title='bbox 426 4358 444 4412; x_wconf 92' lang='lat'><strong>1.</strong></span> <span class='ocrx_word' id='word_1_320' title='bbox 462 4376 487 4427; x_wconf 81' lang='lat' dir='ltr'><strong>p.</strong></span> <span class='ocrx_word' id='word_1_321' title='bbox 504 4358 546 4413; x_wconf 82' lang='lat' dir='ltr'><strong>aa.</strong></span> 
     </span>
    </p>
   </div>
   <div class='ocr_carea' id='block_1_8' title="bbox 0 0 1573 4838">
    <p class='ocr_par' dir='ltr' id='par_1_10' title="bbox 0 0 1573 4838">
     <span class='ocr_line' id='line_1_38' title="bbox 0 0 1573 4838; baseline 0 0"><span class='ocrx_word' id='word_1_322' title='bbox 0 0 1573 4838; x_wconf 95' lang='lat' dir='ltr'><strong> </strong></span> 
     </span>
    </p>
   </div>
  </div>
 </body>
</html>
