3120 4838
698 232 908 293 ...11-

222 402 323 487 ipsins
344 402 466 469 Horati
485 423 535 487 ep.
558 401 596 467 ΙΙ
619 406 648 484 2,
679 405 721 467 60
747 400 885 481 ,Bioneis
914 398 1111 467 sermonibus
1137 406 1170 464 et
1191 399 1257 464 sale
1278 398 1402 482 nigro‘·

223 516 256 577 et
287 532 329 576 ex
355 511 448 577 initio
477 512 561 576 vitae
582 510 784 576 Horatianae
806 509 947 589 Suetoni,
980 508 1066 594 quod
1095 528 1167 574 eum
1196 506 1381 574 narratione

223 619 337 685 Bionis
367 641 389 685 a
419 618 516 704 Diog.
543 619 654 685 Laert.
664 620 690 705 ¹)
721 618 841 683 tradita
870 618 935 683 fere
965 616 1076 682 iisdem
1104 616 1209 685 uerbis
1238 615 1381 700 repetitis

223 733 394 812 congruat,
416 727 511 794 eheit.
555 726 729 793 Horatium
746 727 838 807 enim,
861 747 932 790 cum
946 723 1051 790 Lucili
1065 731 1208 790 saturam
1230 725 1276 809 (et
1291 744 1382 790 suam

224 857 353 921 quoqne
386 836 545 923 saturam)
572 837 713 902 nominet
741 835 888 914 ,Bioneos
919 855 1080 899 sermones
1107 840 1140 898 et
1166 833 1215 898 sal
1236 834 1381 918 nigrum‘,

223 945 412 1031 Menippum
436 950 577 1029 tangere,
601 946 656 1028 qui
679 966 717 1009 ex
740 943 852 1009 eodem
872 942 975 1009 Bione
996 942 1146 1021 hauserit,
1176 947 1208 1007 et
1229 941 1316 1025 quod
1340 941 1382 1006 ad

223 1055 331 1121 locum
350 1054 440 1119 illum
461 1054 545 1118 vitae
562 1052 764 1118 Horatianae
786 1073 857 1118 cum
873 1050 1027 1135 Diogenis
1049 1049 1161 1116 Laerti
1182 1049 1286 1115 verbis
1309 1070 1382 1115 con-

224 1164 402 1229 venientem
416 1163 543 1243 attinet,
563 1183 627 1227 non
646 1161 752 1239 fuisse,
771 1181 827 1225 cur
842 1161 926 1225 Bion
941 1159 1155 1241 adhiberetur,
1178 1159 1238 1223 nisi
1253 1163 1384 1243 praeter

226 1271 463 1337 similitudinem
485 1270 672 1354 ignobilium
694 1274 863 1354 parentum
885 1269 988 1334 altera
1014 1290 1115 1353 eaque
1144 1267 1270 1352 gravior
1299 1267 1383 1330 simi·

225 1378 327 1444 litudo
357 1379 441 1444 inter
473 1378 609 1443 Bionem
643 1378 881 1462 Horatiumque
914 1376 1099 1458 exstitisset,
1132 1376 1218 1460 quod
1248 1375 1382 1441 Bionem

227 1486 406 1571 Menippus,
438 1486 624 1570 Menippum
645 1485 805 1551 Horatius
833 1492 961 1551 secutus
988 1490 1071 1551 esset
1091 1485 1146 1564 (de
1174 1485 1223 1549 his
1253 1484 1382 1550 somniis

227 1616 258 1659 v.
277 1616 308 1678 p.
333 1596 376 1658 25
398 1594 465 1657 eius
488 1598 657 1657 comment.
681 1593 776 1674 ,Men
800 1616 829 1659 u.
847 1594 915 1680 H‘)

327 1700 437 1765 Etiam
459 1699 667 1765 Hermannus
684 1700 881 1767 Fritzschius
896 1703 1070 1769 Horatium
1092 1723 1111 1767 a
1133 1699 1284 1782 Menippo
1308 1719 1382 1782 pen-

230 1806 305 1872 dere
328 1808 495 1886 existimat,
515 1807 558 1872 ad
581 1828 685 1891 quem,
710 1830 781 1874 oum
795 1808 953 1877 Varronis
975 1812 1095 1896 legeret
1110 1814 1168 1876 sat.
1184 1807 1382 1891 Menippeas,

228 1937 328 2000 paene
350 1917 538 1982 necessitate
562 1917 701 2000 quadam
725 1917 839 1983 ductus
861 1919 966 1985 fuerit.

327 2029 448 2091 Contra
466 2030 637 2109 utrumque
651 2026 693 2092 A.
706 2024 912 2093 Heinrichius
934 2034 1064 2114 pugnat.
1109 2028 1219 2109 Atque
1242 2025 1380 2108 primum

229 2130 317 2213 illud,
346 2132 431 2216 quod
453 2131 512 2200 Th.
534 2132 729 2199 Fritzschius
754 2157 792 2199 ex
813 2136 931 2202 Horat.
955 2157 1004 2220 ep.
1024 2135 1063 2201 ΙΙ
1083 2139 1113 2216 2,
1145 2136 1187 2199 60
1214 2131 1383 2210 concludit,

227 2245 314 2306 recte
347 2241 446 2308 reicit.
503 2241 629 2307 Deinde
667 2264 706 2308 ne
745 2244 983 2310 similitudinem
1016 2243 1152 2328 quidem,
1185 2261 1268 2324 qnae
1299 2241 1384 2306 inter

227 2349 429 2416 Horatianae
452 2351 535 2415 vitae
556 2352 680 2416 initium
704 2357 736 2416 et
757 2373 935 2418 sermonem
956 2352 1044 2419 illum
1063 2353 1174 2418 Bionis
1195 2350 1383 2430 intercedat,

227 2481 300 2526 cum
331 2460 387 2524 illa
416 2458 513 2524 verbe
541 2459 627 2543 apud
657 2459 843 2527 Suetonium
869 2462 1062 2546 interpolata
1089 2462 1167 2542 sint,
1208 2458 1384 2543 quidquam

228 2568 333 2633 valere
355 2565 562 2632 demonstrat.
607 2565 689 2631 Tum
711 2570 744 2632 in
764 2590 921 2637 summum
943 2569 1029 2650 illud,
1051 2591 1127 2634 num
1141 2567 1299 2633 Horatius
1317 2565 1384 2632 Me·

226 2677 323 2761 nippo
346 2696 423 2740 usus
445 2676 494 2755 sit,
525 2676 668 2760 inquirit.
709 2678 821 2761 Atque
851 2700 908 2744 suo
937 2679 1010 2762 jure
1042 2679 1075 2743 in
1106 2698 1145 2743 ea
1175 2697 1210 2740 re
1243 2673 1384 2754 offendit,

227 2784 315 2868 quod
337 2783 511 2849 Horatium
534 2805 573 2848 ea
595 2783 635 2848 de
657 2805 764 2865 cansa,
797 2787 873 2868 quia
894 2787 1037 2852 conscius
1060 2784 1120 2851 sibi
1140 2783 1260 2864 diisset,
1282 2783 1384 2848 multa

227 2914 261 2958 se
282 2891 434 2976 Menippo
455 2890 580 2971 debere,
603 2892 795 2957 mentionem
817 2894 885 2958 eius
906 2915 970 2959 non
987 2893 1098 2959 iecisse
1113 2891 1174 2957 Th.
1186 2890 1383 2956 Fritzsohins

227 2999 311 3067 dicit
355 2998 442 3065 Nam
462 2999 546 3064 hano
568 3020 698 3064 causam
727 3000 847 3065 nullam
871 3003 934 3065 vim
964 3002 1023 3066 sibi
1051 3000 1178 3079 hahere,
1208 2999 1383 3064 Horatium

225 3109 332 3191 ipsum
359 3108 557 3190 apertissime
584 3109 770 3191 ostendisse,
800 3131 872 3174 cum
904 3107 1069 3189 Alcaeum,
1098 3108 1238 3193 Sappho,
1268 3107 1384 3174 Archi·

225 3214 364 3296 lochum,
394 3215 474 3280 alios
495 3238 554 3300 pro
575 3217 719 3301 exemplo
742 3216 801 3282 sibi
829 3216 925 3282 fuisse
954 3216 1098 3301 profiteri
1127 3221 1382 3281 consereretur.

228 3322 325 3407 Quod
365 3328 471 3388 autem
506 3325 681 3390 Horatium
705 3324 869 3409 ¹Menippo
907 3345 970 3388 non
1006 3345 1098 3389 nsum
1142 3344 1210 3388 esse
1248 3344 1286 3386 ex
1323 3323 1384 3388 hoc

228 3431 352 3496 silentio
391 3433 502 3514 sumit,
539 3432 625 3497 ultra
659 3432 896 3516 probabilitatis
924 3434 1077 3497 terminos
1107 3433 1150 3497 A.
1177 3430 1384 3497 Heinrichius

229 3558 374 3621 egressus
404 3559 472 3604 esse
504 3539 581 3604 mihi
611 3539 744 3607 videtur.
804 3540 891 3606 Nam
922 3561 986 3606 non
1015 3560 1131 3618 omnes,
1159 3538 1275 3623 quibus
1307 3561 1384 3605 usus

231 3651 289 3725 est,
326 3648 511 3713 nominatim
542 3649 717 3715 Horatium
754 3650 943 3735 appellasse,
977 3671 1049 3714 cum
1092 3649 1167 3713 olim
1204 3649 1383 3733 constabat,

231 3759 308 3832 tum,
330 3760 499 3838 postquam
522 3756 581 3821 Th.
602 3756 741 3824 Arnoldi
761 3759 999 3824 dissertationes
1018 3755 1058 3837 ,d.
1079 3756 1196 3839 griech.
1216 3756 1308 3824 Stud.
1328 3758 1383 3823 des

233 3859 353 3925 Horaz‘
374 3863 568 3946 prodierunt,
592 3866 737 3933 omnibus
757 3866 927 3952 probatum
950 3871 1007 3931 est.
1051 3863 1076 3930 J
1078 3884 1129 3930 am
1144 3872 1253 3931 manet
1267 3866 1383 3949 prima·

234 3968 314 4032 rium
343 3968 420 4034 illud
449 3970 571 4038 Theod.
599 3973 756 4042 Hritaschi
786 3979 1020 4060 argumentum,
1053 3975 1181 4038 omnino
1210 3973 1383 4038 Horatium

235 4079 267 4138 et
287 4076 388 4158 ips'um
408 4079 536 4146 Graeca
558 4085 702 4167 exempla
724 4104 848 4151 amasse
874 4088 905 4148 et
931 4083 1002 4148 aliis
1028 4078 1274 4146 commendasse.
1318 4079 1383 4145 Sed

235 4183 330 4248 etiam
350 4185 411 4251 hoo
433 4197 656 4273 argumentum
678 4192 719 4259 ab
741 4193 783 4260 A.
801 4190 990 4259 Heinrichio
1012 4189 1092 4255 bene
1120 4186 1295 4255 refutatum
1324 4193 1381 4268 est,

336 4332 357 4401 ¹)
374 4334 410 4389 IV
430 4337 452 4400 7,
473 4336 495 4393 1.
