3120 4838
643 174 854 257 ..A-³-

97 370 134 442 ni
161 367 269 441 sallor
297 369 590 465 Lachmannus¹)
636 371 845 468 disputavit,
877 400 988 469 quem
1015 376 1131 447 secuti
1161 393 1246 447 sunt
1275 376 1396 450 West-

99 495 246 594 phalius
274 497 304 568 ll
335 518 407 591 777
431 497 684 597 Schillerus'p.
709 525 749 571 21
776 525 832 596 sq.
855 499 922 591 alii,
948 529 1122 576 caesuras
1151 504 1301 598 proprie
1330 504 1399 577 dici

102 651 177 698 non
217 650 333 721 posse
376 626 444 699 sibi
472 629 656 723 persuasit
686 677 733 685 -
762 655 883 724 neque
912 631 1049 727 injuria,
1078 631 1109 703 si
1137 631 1286 726 quidem
1316 657 1400 705 cae-

103 779 187 827 sura
214 779 345 827 versus
371 754 406 827 in
436 756 509 827 duo
536 754 620 828 cola
648 757 826 829 formatur
853 759 898 831 cf.
928 759 1018 831 Mar.
1049 758 1186 831 Victor.
1207 768 1320 851 64,32
1339 760 1400 848 K,

104 908 227 956 earum
256 898 380 956 autem
408 885 574 979 partium,
603 887 636 957 in
665 911 758 980 quas
791 886 854 957 viri
881 886 981 959 docti
1015 884 1062 958 illi
1091 886 1286 959 dimetrum
1319 886 1401 959 diri-

105 1028 214 1084 munt:
251 1048 306 1147 ff)
320 1056 366 1064 -
389 1039 474 1083 u-
490 1057 536 1067 -
565 1057 607 1066 -
625 1036 628 1113 j
648 1042 668 1084 u
683 1058 734 1068 -
750 1010 905 1093 {altera
925 1011 1034 1085 colon
1050 1039 1121 1086 non
1141 1030 1209 1099 est,
1241 1014 1400 1112 denique

105 1180 186 1228 eam
212 1154 437 1239 incisionem,
466 1180 563 1250 quae
598 1156 746 1252 proprie
773 1182 928 1229 caesura
959 1157 1128 1228 vocanda
1165 1174 1279 1242 esset,
1314 1175 1401 1252 post

103 1284 307 1357 secundum
327 1283 563 1360 trochaeum:
581 1322 627 1419 (r)
643 1312 781 1355 —u—
799 1329 847 1337 --
869 1280 938 1383 l-
956 1312 978 1355 n
994 1330 1042 1337 —
1062 1286 1086 1363 ὖ
1103 1285 1276 1357 Horatius
1288 1287 1400 1357 modo

108 1427 208 1499 tries
236 1426 350 1522 idque
385 1426 419 1499 in
452 1426 632 1521 prioribus
666 1427 812 1500 duobus
849 1428 1058 1500 carmimum
1100 1426 1197 1499 libris
1239 1428 1395 1502 admisit.

101 1554 244 1627 Tamen
272 1551 472 1627 Muellerus
505 1579 580 1626 non
617 1579 767 1649 prorsus
798 1557 967 1629 omittere
996 1554 1172 1643 debebat,
1203 1555 1397 1629 Horatium

100 1683 135 1754 in
162 1705 297 1776 317vv.
334 1681 464 1754 28oies
492 1698 578 1778 post
604 1683 748 1755 tertiam
777 1685 874 1756 arsin
908 1685 1060 1756 verbum
1095 1682 1186 1755 finiri
1222 1681 1392 1769 voluisse,

99 1810 198 1883 cuius
235 1808 451 1907 diligentiae
480 1811 578 1905 apud
624 1809 807 1884 Alcaeum
842 1809 974 1883 nullum
1021 1809 1214 1906 vestigium
1265 1826 1396 1884 exstat.

98 1934 304 2032 Diligentia
333 1962 426 2010 vero
456 1936 575 2032 magis
604 1963 714 2034 quam
741 1939 889 2034 ingenio
919 1941 1050 2013 sactum
1080 1965 1177 2027 esse,
1214 1964 1286 2010 non
1325 1956 1395 2027 est,

98 2065 200 2162 quud
226 2090 416 2139 moneam.
473 2065 577 2159 Quas
606 2083 806 2162 praeterea
834 2066 1089 2164 Westphalius
1118 2064 1312 2139 Schillerus
1346 2067 1394 2138 in-

96 2193 255 2267 cisiones
285 2192 456 2268 afferunt:
486 2210 590 2329 ff*
611 2222 629 2265 u
647 2194 650 2291 l
666 2238 715 2246 —
732 2194 735 2295 l
753 2242 802 2249 —
819 2240 869 2249 --
888 2224 908 2267 o
918 2194 924 2299 l
937 2199 1031 2281 -',;‚
1047 2196 1215 2267 consulto
1230 2209 1394 2290 praeter-

96 2337 210 2423 mitt0,
240 2363 323 2410 cum
351 2364 419 2410 eas
448 2364 537 2411 casu
565 2337 682 2435 magis
712 2342 768 2411 vel
795 2337 940 2433 linguae
968 2357 1006 2412 et
1034 2339 1231 2412 verborum
1256 2337 1410 2425 indole,·

96 2491 207 2562 quam
233 2482 374 2561 poetae
401 2466 553 2538 consilio
583 2465 768 2539 exstitisse
797 2492 983 2541 censeam.

202 2635 377 2732 Denique
404 2635 476 2707 hoc
504 2633 585 2708 loco

525 2764 568 2837 C.
597 2763 646 2836 de
675 2778 792 2836 metro
820 2764 951 2853 ionico,

95 2940 180 2988 cum
211 2939 344 2986 versus
376 2913 566 3008 quomodo
600 2912 845 3009 distinguendi
879 2913 1074 2987 videantur
1115 2913 1206 2985 infra
1242 2910 1390 2983 uberius

95 3042 335 3140 expositurus
372 3041 458 3131 sim,
494 3044 566 3116 hoc
602 3045 819 3115 monendum
852 3039 1012 3114 videtur:
1057 3041 1233 3115 Horatius
1261 3065 1390 3112 versus

95 3170 238 3244 ionicos
268 3168 385 3244 semel
421 3170 582 3243 adhibuit
614 3169 649 3243 in
685 3195 717 3244 c.
754 3171 797 3242 ΙΙΙ
837 3193 878 3240 12
909 3193 980 3241 nec
1009 3168 1074 3242 nisi
1102 3193 1215 3263 puros
1244 3167 1389 3239 ionicus

95 3297 256 3383 admisit,
303 3324 377 3395 qua
422 3298 457 3371 in
499 3326 538 3372 re
581 3299 628 3371 ab
671 3295 814 3371 Alcaeo
856 3297 1052 3392 pependit,
1102 3294 1201 3366 cuius
1246 3294 1285 3366 fr.
1331 3316 1391 3386 59.

97 3438 157 3500 60.
204 3437 248 3499 61
296 3426 420 3500 ionicis
460 3426 669 3522 conscripta
710 3444 803 3499 sunt.
864 3424 1032 3520 Itemque
1068 3424 1231 3496 Catullus
1272 3425 1391 3495 semel

96 3570 217 3629 metro
247 3554 370 3626 ionico
399 3581 486 3628 usus
515 3572 574 3629 est
601 3555 637 3627 in
664 3580 696 3627 c.
718 3560 739 3625 6
745 3580 787 3652 33
817 3578 944 3626 verum
966 3570 1100 3649 poetas
1120 3549 1391 3624 Alexandrinos

96 3701 248 3758 secutus
282 3678 342 3754 ille
377 3708 501 3757 meros
537 3682 679 3755 ionicus
717 3681 862 3755 omnino
892 3706 963 3752 non
997 3679 1129 3777 posuit,
1157 3678 1228 3750 sed
1256 3703 1388 3750 versus

96 3810 320 3909 galliambos
340 3810 519 3906 praetulit,
549 3810 611 3906 qui
638 3811 801 3883 anaclasi
831 3827 869 3882 et
888 3806 1127 3882 solutionibus
1155 3806 1205 3879 ita
1226 3830 1387 3879 commu-

96 3957 225 4027 tantur,
254 3956 294 4012 ut
321 3937 479 4036 genuina
505 3939 609 4012 metri
638 3939 758 4011 forma
785 3937 863 4009 lete
893 3961 1073 4032 nusquam
1102 3950 1292 4030 appareat.

202 4067 388 4159 Quoniam
416 4067 463 4139 de
492 4067 618 4141 metris
647 4066 868 4164 simplicibus
895 4063 1033 4137 dictum
1062 4079 1129 4148 est,
1158 4063 1324 4159 sequitur
1352 4080 1391 4139 ut

98 4199 145 4271 de
175 4193 392 4290 compositis
419 4221 601 4292 exponam
629 4220 673 4267 ac
700 4195 855 4292 primum
887 4190 1050 4288 quidem:

205 4472 223 4547 ¹)
244 4475 401 4524 Lachmanni
419 4475 525 4540 epistola
543 4475 576 4523 ad
594 4473 730 4524 Frankium
750 4476 791 4524 in:
811 4472 909 4525 Franke
929 4471 997 4520 Fasti
1016 4471 1149 4523 Horatiani
1166 4487 1193 4538 p.
1214 4472 1267 4536 238
1285 4491 1326 4539 so,¹
