3120 4838
269 1367 465 1487 Romanos,
489 1425 685 1489 quamquam
708 1411 819 1469 notum
839 1410 896 1485 est,
919 1426 991 1471 cum
1012 1413 1117 1472 essent
1131 1408 1257 1491 penitus
1277 1409 1324 1472 in·

165 1508 247 1572 tenti
270 1508 377 1591 rebus,
404 1531 487 1593 quae
508 1509 551 1575 ad
573 1530 640 1574 rem
662 1508 823 1593 publicam
844 1510 1012 1593 pertinent,
1044 1510 1077 1574 in
1106 1511 1220 1576 litteris
1245 1512 1324 1578 nihil

167 1615 233 1681 fere
252 1617 397 1696 valuisse,
419 1624 527 1683 tamen
546 1639 645 1682 unum
665 1617 844 1682 litterarum
866 1638 966 1700 genus
988 1622 1020 1682 et
1041 1618 1196 1684 invenisse
1218 1625 1251 1685 et
1273 1641 1325 1685 ex·

167 1722 300 1790 coluisse
333 1724 585 1811 antilianus1)
616 1730 755 1790 testatur
782 1724 820 1789 X
851 1729 883 1801 1,
917 1728 957 1791 93
987 1725 1037 1790 his
1070 1727 1173 1792 verbis
1203 1734 1325 1808 ,satura

167 1831 296 1915 quidem
326 1839 396 1899 tota
424 1840 535 1899 nostra
565 1839 631 1899 est‘.
674 1833 720 1898 Et
750 1831 894 1917 profecto
920 1833 983 1899 hoc
1013 1832 1192 1900 litterarum
1225 1858 1325 1920 genus

168 1938 296 2020 Graeci,
326 1942 381 2024 qui
408 1942 441 2006 in
463 1942 577 2006 ceteris
600 1940 745 2024 exempla
765 1939 920 2005 Romanis
943 1939 1120 2023 ediderunt,
1152 1963 1215 2008 non
1237 1964 1325 2008 exer·

167 2053 309 2116 cuerunt.
354 2047 427 2115 Sive
453 2050 537 2114 enim
564 2070 675 2114 eorum
700 2047 833 2129 iambos,
865 2048 929 2113 sive
959 2049 1157 2115 comoediam
1176 2051 1325 2117 Atticam

167 2155 343 2239 antiquam,
359 2156 423 2221 sive
434 2156 520 2223 sillos
531 2155 775 2240 comparaveris
791 2154 913 2220 nullum
925 2154 1127 2222 Graecarum
1140 2157 1322 2222 litterarum

168 2283 266 2344 genus
282 2262 432 2345 invenies,
456 2263 543 2348 quod
557 2262 725 2328 Romanae
741 2269 869 2329 saturae
887 2262 982 2347 plane
997 2263 1224 2350 respondeat.²)
1258 2263 1324 2331 Sed

168 2367 315 2449 Romani,
335 2372 459 2436 etiamsi
479 2373 513 2436 in
534 2371 724 2436 invenienda
745 2376 856 2436 satura
877 2371 1023 2457 exempla
1037 2369 1237 2438 Graecorum
1258 2394 1325 2439 non

169 2479 267 2543 secuti
290 2483 373 2560 sunt,
395 2485 502 2545 tamen
525 2480 558 2544 in
581 2478 753 2544 excolenda
768 2500 789 2543 a
804 2478 939 2546 Graecis
953 2478 1180 2563 pependerunt.
1210 2478 1323 2564 Atque

168 2585 271 2669 ipsum
304 2585 472 2669 Lucilium,
504 2589 701 2653 inventorem
710 2588 734 2671 3)
762 2587 829 2650 eius
857 2586 998 2668 generis,
1028 2589 1131 2650 totum
1159 2607 1231 2651 cum
1261 2588 1324 2653 illis

169 2692 347 2759 cohaesisse
372 2694 530 2762 Horatius
558 2695 694 2783 tradit.⁴)
737 2693 834 2780 Quod
861 2698 969 2758 utrum
997 2714 1070 2759 vere
1095 2715 1137 2758 an
1166 2693 1257 2777 salso,
1287 2702 1333 2762 ut·

169 2799 327 2865 existimat
352 2800 516 2867 Lucienus
538 2801 750 2885 Muellerus,⁵)
776 2801 975 2885 judicaverit,
996 2803 1029 2867 in
1050 2802 1154 2869 medio
1176 2802 1325 2887 relinqui·

168 2928 245 2972 mus.
303 2907 478 2974 Horatium
511 2914 629 2988 autem,
661 2913 848 2993 Augusteae
880 2911 998 2975 aetatis
1031 2910 1137 2975 studia
1170 2916 1323 2994 secutum,

170 3014 303 3081 ducibus
319 3016 452 3084 Graecis
475 3039 539 3083 non
561 3017 662 3082 solum
684 3018 717 3082 in
736 3016 931 3083 carminibus
953 3023 985 3083 et
1008 3018 1127 3102 epodis,
1149 3019 1325 3086 sedetiam

168 3123 201 3187 in
223 3124 340 3189 saturis
363 3125 587 3210 componendis
606 3147 698 3190 usum
721 3146 799 3208 esse,
822 3126 921 3209 ipsius
942 3127 1123 3192 testimonio
1146 3133 1205 3192 sat.
1228 3126 1268 3193 H
1292 3132 1322 3209 3,

170 3233 220 3312 11,
253 3235 292 3298 12
326 3231 497 3318 ,Quorsum
519 3235 673 3318 pertinuit
694 3236 813 3319 stipare
835 3233 976 3301 Platona
994 3234 1183 3317 Menandro,
1213 3234 1323 3321 Eupo·

167 3337 222 3403 lim
244 3339 471 3408 Archilochum
494 3343 625 3408 comites
648 3342 782 3408 educere
804 3345 946 3411 tantos?‘
966 3348 1099 3409 constat.
1144 3342 1322 3429 Menippus,

169 3469 361 3531 quamquam
393 3450 425 3515 in
454 3451 504 3516 his
535 3449 670 3518 Graecis
701 3453 851 3537 exemplis
885 3474 950 3517 non
983 3456 1196 3533 enumeratur,
1229 3437 1323 3519 facil'e

273 3640 294 3706 ¹)
311 3640 403 3693 Horati
421 3639 500 3694 verba
518 3642 569 3695 sat.
588 3640 601 3695 Ι
621 3641 661 3704 10,
679 3641 713 3694 66
732 3639 804 3704 ‚rude
821 3642 848 3693 et
869 3638 976 3693 Graecis
994 3639 1126 3692 intactum
1144 3642 1258 3694 carmen‘
1279 3642 1323 3696 hic

169 3745 220 3782 non
238 3728 326 3794 affero,
345 3731 407 3799 qnia
423 3731 535 3799 antiqua
554 3730 602 3784 illa
616 3731 733 3784 carmina
749 3728 868 3784 versibus
882 3729 1009 3783 satumiis
1023 3729 1171 3796 composita
1185 3729 1224 3782 eis
1239 3731 1321 3800 signi·

168 3817 241 3873 ficari
264 3821 338 3885 puto,
362 3820 477 3873 omnium
499 3834 581 3886 paene
605 3820 720 3873 virorum
744 3819 880 3873 doctorum
903 3817 1063 3873 sententiam
1086 3817 1231 3884 amplexus.
1267 3821 1321 3875 Oh.

169 3906 302 3961 Craininm
325 3908 426 3976 (philol.
444 3909 484 3963 IX
502 3925 528 3977 p.
546 3909 596 3962 575
614 3911 684 3979 sqq.)
710 3909 881 3963 Ribbeclrium
909 3910 981 3975 (ann.
1006 3906 1098 3974 philol.
1123 3907 1189 3961 1858
1214 3926 1239 3977 p.
1258 3911 1321 3978 213)

169 3998 287 4052 Riesium
304 3998 386 4066 (Van.
404 4002 455 4054 sat.
474 3999 588 4068 Menipp.
607 4017 631 4068 p.
650 4002 677 4061 51
696 4000 783 4054 Herm.
803 3997 935 4052 Fritzschi
953 3997 1013 4052 adn.
1031 4013 1056 4053 a.
1074 3998 1100 4054 h.
1119 3998 1138 4051 l.

270 4086 290 4154 ²)
309 4087 354 4143 cfr.
368 4088 494 4143 Rothium
512 4089 573 4153 ,an
585 4090 695 4145 Theorie
711 4107 736 4144 n.
750 4091 858 4143 inneren
873 4087 966 4143 Gesch.
981 4088 1005 4142 d.
1019 4092 1083 4142 rom.
1098 4088 1164 4144 Sat!
1182 4106 1209 4158 p.
1223 4091 1241 4143 4
1255 4108 1320 4162 sqq,

168 4176 292 4231 Mettium
309 4191 394 4246 progr.
412 4195 500 4248 gymn.
519 4179 618 4234 Brilon.
637 4196 661 4234 a.
681 4179 747 4233 1868
763 4195 790 4247 p.
801 4178 835 4231 28
853 4192 911 4246 sqq.

271 4263 400 4333 anons.
414 4269 493 4323 saal
512 4270 550 4335 10,
568 4270 611 4327 48.
646 4270 667 4333 ⁴)
686 4267 800 4331 ratll,
817 4269 842 4324 6.
877 4266 899 4335 ⁶)
916 4265 956 4322 ed.
970 4265 1055 4321 Lucil.
1069 4268 1121 4322 sat.
1133 4267 1207 4338 reliq.
1220 4269 1318 4336 p.291.
