3120 4838
819 226 859 304 32

186 456 339 536 tempus
379 440 596 513 firmaverat.
661 441 837 513 Horatius
877 454 965 535 post
1013 437 1215 509 secundum
1264 435 1489 509 trochaeum

193 594 383 642 caesuram
409 569 547 640 induxit
573 586 612 642 et
638 585 696 641 ter
721 585 862 641 tantum
890 565 1053 662 neglexit
1079 563 1128 664 (c.
1156 565 1168 634 Ι
1204 573 1325 650 16,21,
1365 582 1493 654 37,14.

193 696 242 767 IV
272 701 392 794 4,17)3
427 697 615 770 anacrusin
657 697 694 767 in
736 697 931 769 carminum
971 693 1070 765 libris
1115 692 1227 764 l—lll
1268 695 1492 787 plerumque

194 822 377 923 (exceptis
412 846 454 917 17
486 829 567 918 vn),
600 824 635 895 in
661 822 753 896 libro
782 824 830 896 lV
860 846 1009 917 semper
1041 822 1191 918 longam
1231 845 1318 892 esse
1356 816 1492 909 voluit,

191 952 358 1025 secundo
384 951 470 1024 loco
498 976 648 1047 semper
674 951 881 1047 spondeum
908 949 1049 1045 posuit,
1078 974 1161 1021 nam
1199 973 1296 1043 quae
1326 946 1494 1019 feruntur

194 1080 453 1175 exceptiones:
491 1105 598 1152 carm.
635 1079 678 1151 lll
717 1078 858 1172 23,18¹)
900 1094 939 1149 et
979 1077 1023 1148 lll
1066 1076 1187 1177 5³7²)
1227 1072 1347 1148 nullae
1397 1090 1493 1158 sunt,

196 1208 300 1279 Haec
330 1223 451 1280 autem
487 1233 509 1280 a
542 1223 655 1303 poeta
688 1223 790 1279 recte
834 1223 871 1279 et
912 1232 934 1277 c
976 1205 1129 1276 Latinae
1171 1203 1319 1300 linguae
1362 1200 1490 1274 indole

191 1351 329 1407 novata
354 1336 479 1423 videri,
508 1360 619 1431 supra
638 1334 809 1432 diximus3
831 1358 900 1407 nec
924 1358 1079 1406 caesura
1098 1333 1235 1428 quippe
1255 1356 1329 1427 qua
1350 1356 1490 1402 versus

190 1463 225 1536 iu
244 1480 370 1559 partes
388 1489 474 1535 suas
493 1463 673 1558 legitimas
696 1463 889 1545 dirimatur,
909 1487 976 1557 pro
997 1459 1194 1557 ineleganti
1214 1459 1342 1531 haberi
1359 1459 1490 1530 debet.

407 1590 550 1674 Restat,
580 1606 619 1662 ut

220 1817 276 1913 C.)
334 1818 396 1889 de
436 1820 699 1892 versibus
739 1818 1105 1916 logaoedicis
1145 1843 1250 1888 cum
1290 1814 1465 1911 basii)

679 1947 1000 2044 conjunctis

195 2142 316 2212 agam.
381 2116 466 2208 Qua
497 2117 532 2188 in
565 2142 605 2188 re
647 2142 730 2189 cum
770 2117 998 2212 potissimum
1047 2116 1213 2188 ordinem
1254 2139 1409 2209 sequar,
1454 2129 1495 2186 ut

194 2245 347 2340 primum
375 2245 454 2316 basi
484 2245 631 2316 omnino
661 2245 798 2317 omissa
827 2260 865 2316 et
900 2269 981 2316 cum
1014 2243 1173 2317 Christio
1208 2268 1275 2338 per
1303 2298 1310 2313 .
1338 2299 1346 2312 .
1379 2243 1493 2338 signi-

195 2374 302 2446 ficata
331 2374 378 2446 de
408 2374 556 2471 singulis
582 2374 761 2458 versibus,
788 2373 921 2444 deinde
950 2371 998 2444 de
1027 2370 1139 2445 basis
1161 2371 1377 2443 formatione
1422 2396 1495 2465 per

194 2502 477 2598 perpetuitatem
509 2503 699 2576 disseram.

301 2628 427 2725 Atque
454 2631 591 2727 primus
627 2632 687 2726 qui
720 2630 880 2703 occurrit
913 2653 1040 2700 versus
1073 2627 1141 2699 sub
1179 2625 1322 2698 nomine
1354 2626 1490 2719 phere·

195 2758 307 2831 cratei
336 2759 459 2844 fertur,
485 2759 589 2855 hujus
619 2758 777 2832 lormac:
806 2758 1094 2834 ,eno-n,
1152 2758 1184 2828 ls
1220 2770 1257 2827 et
1284 2752 1384 2848 apud
1424 2753 1490 2825 Al·

196 2912 324 2959 caeum
366 2910 460 2958 nunc
497 2886 613 2960 semel
647 2903 784 2959 exstat:
818 2886 983 2978 ’Λάταγες
1018 2888 1209 2957 ποτέονταί
1244 2882 1285 2954 fr.
1322 2906 1408 2973 43,1
1449 2900 1492 2965 et

196 3013 253 3086 bis
282 3014 381 3108 apud
408 3014 581 3110 Sappho:
612 3015 806 3106 φωνάεσσα
833 3018 950 3107 γένοιο
978 3013 1018 3084 fr.
1046 3016 1214 3104 45‚2'r'rpot
1242 3011 1284 3102 δὴ
1311 3009 1353 3080 τό
1379 3016 1488 3102 μέλα-

197 3144 287 3236 θρον
315 3144 356 3214 lr.
387 3165 485 3233 91.1,
514 3145 624 3216 multo
652 3168 744 3216 vero
771 3142 919 3237 saepius
955 3140 989 3213 in
1026 3166 1129 3212 usum
1162 3153 1317 3211 vocatus
1351 3155 1411 3209 est
1440 3140 1489 3210 ab

198 3267 442 3355 Anacreonte,
476 3271 651 3366 imprimis
685 3296 763 3343 cum
803 3267 989 3365 glyconeo
1029 3268 1254 3365 conjunctus
1326 3266 1489 3339 Formae

196 3397 430 3493 pherecratei
457 3398 688 3472 differentiae
714 3398 808 3472 inter
832 3397 902 3470 hos
937 3420 1010 3469 non
1046 3396 1289 3480 intercedunt3
1319 3419 1388 3466 nec
1417 3394 1489 3468 for-

165 3607 166 3610 ,
196 3552 295 3598 mam
337 3527 489 3599 mutavit
528 3524 692 3601 Catullus
735 3551 764 3599 c.
810 3548 857 3618 34
900 3540 939 3597 et
980 3529 1023 3596 61
1074 3523 1154 3620 (nisi
1182 3523 1281 3618 quod
1310 3520 1429 3596 semel
1457 3549 1490 3596 c.

200 3664 286 3744 61,2
294 3676 312 3747 5
344 3679 412 3750 pro
433 3655 581 3753 dactylo
609 3657 815 3751 spondeum
836 3654 903 3726 sibi
921 3652 1118 3726 concessit:
1140 3652 1298 3724 nutriunt
1315 3650 1488 3748 humore)

198 3807 320 3878 neque
350 3783 522 3857 Horatius
558 3784 632 3858 c.l
672 3803 703 3876 5.
743 3807 798 3875 14.
835 3807 892 3855 21.
938 3805 995 3874 23.
1030 3781 1073 3852 lll
1112 3799 1144 3869 7.
1179 3803 1236 3853 10.
1272 3803 1326 3872 13.
1354 3779 1405 3851 IV
1441 3805 1488 3873 13

199 3912 268 3984 sed
296 3909 522 4008 exemplaria
548 3938 613 3984 sua
642 3911 791 3984 Graeca
818 3911 915 3982 omni
941 3938 987 3983 ex
1014 3924 1120 4006 parte
1149 3907 1266 3980 secuti
1294 3925 1389 3982 sunt.

310 4161 328 4232 ¹)
348 4163 388 4216 Cf.
409 4163 497 4214 Orellii
515 4164 702 4214 adnotationem
721 4179 744 4212 a.
764 4162 790 4212 h.
812 4163 830 4211 l.

307 4253 387 4324 ²)cf.
408 4255 521 4318 Corssen,
541 4256 624 4306 Ueber
640 4255 813 4321 Aussprache,
838 4253 1000 4306 Vokulismus
1018 4254 1070 4304 und
1090 4254 1223 4317 Betonung
1240 4253 1287 4302 der
1304 4253 1348 4304 lat.
1367 4254 1491 4321 Sprache.

198 4344 237 4398 ¹11
256 4349 366 4416 Leipzigv
381 4347 448 4412 ¹870
466 4367 491 4414 p.
510 4349 563 4412 436
582 4364 637 4413 sqq.
659 4355 684 4398 et
701 4349 822 4413 imprimis
842 4365 866 4413 p.
885 4362 949 4411 491.

307 4438 417 4507 ³)'Basis
442 4443 510 4490 enirn
537 4456 629 4491 nomen
656 4442 745 4490 servari
772 4456 846 4505 posse
872 4448 949 4505 puin,
977 4439 1115 4490 dummodo
1143 4454 1198 4488 eam
1224 4453 1276 4487 non
1294 4446 1363 4487 extm
1382 4448 1492 4491 metrum

200 4536 314 4599 positam,
335 4534 378 4583 sed
397 4535 504 4598 primum
522 4536 598 4599 ipsius
617 4535 687 4583 metri
707 4534 797 4599 pedem
816 4548 870 4581 esse
887 4541 988 4582 teneatu
