3120 4838
811 218 849 282 18

718 310 929 333 -Γ

176 428 322 503 »similis
352 431 441 504 sibi«
472 432 656 519 manebat,
686 431 715 503 si
744 433 778 505 in
808 431 957 506 alternis
987 429 1146 528 pedibus
1175 454 1325 524 semper
1360 453 1483 523 purus

173 575 264 642 erat,
315 559 351 631 in
398 556 522 630 alteris
565 576 705 632 tantum
748 585 829 633 cum
870 559 1041 657 spondeo
1077 556 1376 654 permutabatur,
1422 554 1482 628 sui

172 686 292 759 similis
335 710 410 758 non
447 687 524 783 jam
568 702 666 773 erat,
708 690 738 762 si
779 688 914 784 ubique
957 687 1148 784 spondeus
1189 684 1480 757 admittebatur.

172 814 320 887 Deinde
349 814 378 885 si
407 832 525 910 poeta
552 841 663 889 verae
693 835 894 912 rectaeque
930 814 1080 888 trimetri
1116 813 1299 885 formandi
1334 812 1480 885 rationi

173 942 400 1014 Graecorum
421 939 550 1016 falsam
569 960 760 1039 poetarum
780 944 989 1016 Latinorum
1009 941 1235 1038 opponebat,
1255 957 1345 1035 apte
1375 939 1480 1012 iusti-

171 1070 238 1142 tuit
275 1070 379 1165 quasi
415 1085 453 1142 et
480 1071 647 1144 instruxit
675 1087 914 1168 praeceptum
943 1070 1036 1157 illud,
1068 1069 1168 1164 quod
1196 1068 1288 1140 inlro
1318 1067 1481 1141 daturus

172 1216 268 1272 erat:

751 1353 843 1400 »vos
872 1325 1094 1422 exemplaria
1124 1325 1274 1397 Graeca

363 1454 552 1527 Nocturna
579 1471 727 1527 versate
758 1481 877 1539 manu,
905 1472 1054 1527 versate
1085 1454 1269 1541 diurma;‹

175 1602 205 1676 si
235 1603 402 1676 Graecos
430 1602 534 1698 ipsos
563 1628 586 1675 a
611 1603 772 1700 genuina
799 1604 942 1676 ratione
970 1604 1167 1675 aberrasse
1197 1601 1475 1688 contendisset,

176 1731 366 1827 quomodo
388 1732 544 1804 eosdem
563 1731 685 1803 statim
701 1745 738 1802 ut
753 1729 942 1826 exemplar
956 1729 1149 1825 lumenque
1171 1754 1311 1825 ponere
1327 1728 1477 1824 potuit?

175 1859 390 1932 Sententiae
419 1884 513 1931 vero
542 1885 647 1931 meae
677 1859 713 1931 id
742 1885 851 1955 quarn
880 1859 1036 1932 maxime
1066 1857 1196 1938 obficit,
1226 1857 1327 1953 quod
1356 1857 1478 1929 verba

174 1987 233 2059 illa
264 2012 357 2060 »non
386 1987 438 2059 ita
465 1988 632 2082 pridem«
664 1984 753 2060 alias
782 2012 931 2083 semper
958 1987 993 2059 in
1026 2012 1135 2058 unam
1171 1986 1355 2058 notionem
1388 2008 1477 2086 con·

170 2115 296 2211 juncta
321 2115 401 2211 ipse
430 2115 592 2211 sejungo
621 2132 660 2189 et
689 2118 790 2212 quod
819 2116 894 2188 duo
924 2131 1048 2188 statuo
1079 2114 1265 2186 enuntiata
1293 2137 1477 2185 consecu-

175 2241 261 2326 tiva,
289 2268 445 2338 quorum
475 2241 590 2316 altero
619 2243 771 2317 alterum
800 2242 1011 2339 explicatur.
1064 2242 1172 2334 Quae
1200 2239 1348 2313 dicendi
1376 2241 1476 2314 ratio

176 2393 259 2442 cum
292 2368 382 2444 alias
424 2372 502 2445 fere
547 2371 707 2444 inaudita
749 2373 808 2456 sit,
850 2372 1017 2468 pedestri
1051 2369 1194 2443 Horatii
1236 2366 1476 2464 epistularum

173 2494 297 2591 lingua
325 2515 364 2571 et
389 2501 546 2573 sermoni
573 2500 758 2572 cotidiano
795 2500 970 2596 propiore
1006 2498 1090 2572 mihi
1126 2498 1269 2570 videtur
1303 2495 1477 2568 excusari

175 2643 214 2698 et
241 2626 311 2698 hoc
339 2626 421 2701 loco
455 2654 605 2725 prorsus
643 2629 857 2701 necessario
895 2626 1091 2700 statuenda
1129 2651 1236 2708 esse,
1269 2625 1475 2697 dummodo

175 2779 220 2826 ne
248 2781 406 2830 summas
432 2757 589 2853 ineptias
619 2772 757 2852 poetae
787 2757 1018 2852 imputemus.

283 2882 390 2975 Quae
420 2911 501 2958 cum
520 2885 570 2957 ita
591 2884 672 2972 siut,
703 2885 733 2957 si
752 2882 996 2957 Archilochus
1023 2881 1184 2955 carmina
1209 2879 1317 2953 meris
1343 2878 1476 2951 iambis

174 3036 247 3083 non
275 3012 518 3110 continuavit3
556 3013 587 3084 si
619 3012 772 3086 trimetri
806 3012 896 3109 puri,
938 3035 1160 3107 quamquam
1188 3024 1227 3081 et
1254 3006 1353 3103 apud
1387 3007 1475 3103 iam·

174 3139 392 3235 bographos
428 3157 468 3213 et
505 3141 603 3237 apud
641 3158 775 3237 poetas
811 3139 983 3214 scenicos
1011 3138 1239 3211 Graecorum
1272 3159 1347 3206 non
1384 3159 1472 3207 raro

175 3283 388 3356 occurrunt,
418 3293 490 3341 non
518 3269 630 3341 modo
659 3294 730 3341 non
759 3268 1020 3366 elegantiores,
1049 3265 1119 3338 sed
1147 3263 1296 3360 saepius
1324 3263 1474 3358 repetiti

176 3394 287 3466 etiam
316 3393 460 3469 molesti
490 3413 641 3470 suntet
676 3397 750 3469 vim
787 3394 961 3470 orationis
999 3391 1209 3483 debilitant,
1246 3391 1410 3486 denique
1444 3391 1475 3463 si

176 3548 296 3618 neque
326 3523 502 3597 Horatius
528 3525 598 3598 hos
626 3526 744 3621 magis
771 3525 957 3622 legitimos
983 3521 1135 3606 censuit,
1164 3545 1274 3616 quam
1302 3543 1381 3602 eos,
1413 3520 1475 3614 qui

176 3651 375 3745 imparibus
404 3655 554 3727 sedibus
583 3653 778 3751 spondeos
806 3651 1070 3735 intermiscent,
1104 3648 1242 3721 idcirco
1269 3647 1304 3718 in
1333 3672 1392 3742 ep.
1429 3652 1474 3718 16

177 3778 275 3873 puris
304 3779 431 3853 iambis
458 3807 545 3854 usus
574 3799 649 3855 n‘on
677 3797 751 3867 est,
781 3783 850 3855 sed
879 3780 986 3854 aliam
1014 3778 1121 3874 hujus
1149 3775 1200 3848 rei
1230 3774 1475 3869 explicandae

177 3905 275 3977 viam
301 3906 390 3979 inire
420 3908 610 3983 debemus.
668 3908 802 4004 Quam,
832 3911 867 3982 ni
895 3909 1011 3996 sallor,
1041 3907 1120 4001 ipse
1149 3902 1254 3977 nobis
1282 3902 1473 3997 patefecit.

178 4031 352 4107 Nimirum
388 4051 536 4109 veteres
576 4053 715 4133 poetae
750 4037 869 4110 Latini
902 4038 935 4110 in
977 4061 1024 4109 eo
1066 4048 1330 4129 peccaverant,
1372 4033 1476 4127 quod

178 4162 385 4255 spondeum
413 4164 548 4260 ubique
575 4165 610 4238 in
637 4165 799 4238 trimetro
825 4165 982 4237 iambico
1008 4161 1243 4234 admiserunt.
1291 4156 1474 4248 CatulluS,

179 4290 239 4382 qui
258 4291 442 4363 veteribus
462 4294 609 4365 omnino
629 4292 833 4364 contrarius
853 4307 934 4364 erat
955 4285 980 4386 ¹)
1012 4303 1049 4360 et
1066 4289 1115 4360 ad
1134 4285 1469 4360 Alexandrinorum

182 4450 444 4462 Q*—

288 4527 305 4591 ¹)
323 4526 363 4577 Cf.
384 4526 484 4593 inlra§
507 4541 529 4590 9.
