3120 4838
744 224 787 286 62

113 437 387 533 compositionis
434 438 631 521 rationem,
676 464 749 534 qua
792 463 874 510 cum
905 438 1019 509 tribus
1059 436 1192 532 aequis
1244 437 1413 510 versibus

115 583 265 661 quartus
292 566 397 661 quasi
423 565 602 662 epodicus
629 567 871 662 conjungitur,
900 564 984 637 inde
1011 564 1203 660 petivisse.

218 694 437 793 Eodemque
476 695 607 779 mod0,
654 694 689 766 ni
731 691 854 780 fallor,
895 719 974 766 cum
1013 695 1165 766 alteram
1220 693 1415 788 stropham
1456 720 1459 729 ·

113 825 332 896 tetracolam
375 819 665 918 asclepiadeam,
710 847 819 916 quam
855 822 889 893 in
933 845 965 894 c.
1002 822 1015 890 l
1059 844 1092 912 5.
1141 844 1198 910 14.
1248 843 1309 891 21.
1359 843 1416 912 ²3·

115 951 208 1040 1117.
231 974 286 1043 13·
303 950 353 1022 IV
373 973 415 1041 13
446 949 619 1032 adhibuit,
646 974 667 1020 e
695 948 841 1020 duobus
861 949 1028 1021 versibus
1048 948 1304 1043 asclepiadeis
1335 974 1415 1021 cum

116 1078 364 1174 pherecrateo
380 1094 419 1150 et
433 1075 616 1171 glyconeo
630 1076 833 1171 conjunctis
843 1077 1026 1159 formaret,
1044 1073 1221 1148 Alcaicae
1232 1076 1416 1171 strophae

116 1207 297 1279 rationem
333 1204 514 1300 respexit,
548 1230 620 1300 qua
656 1202 801 1274 duobus
833 1205 1003 1275 versibus
1031 1201 1265 1300 longioribus
1295 1203 1419 1277 brevi-

118 1359 204 1407 ores
246 1332 319 1405 duo
358 1333 408 1404 ita
445 1331 637 1417 adduntur,
673 1348 712 1403 ut
746 1331 875 1403 horum
909 1331 1071 1426 ipsorum
1107 1332 1207 1426 prior
1245 1333 1418 1421 brevior,

119 1486 226 1557 quam
255 1461 453 1556 insequens
482 1460 538 1531 sit.
581 1459 667 1531 Hoc
696 1474 848 1531 metrum
867 1483 957 1531 vero
978 1460 1026 1530 ab
1051 1458 1210 1530 Horatio
1236 1477 1423 1533 novatum

120 1615 205 1661 esse
245 1606 286 1661 et
325 1589 406 1682 ipse
442 1586 561 1659 Diom.
603 1609 754 1680 519‚34.
802 1608 942 1677 522‚14
984 1587 1104 1659 tradit.
1176 1586 1423 1684 Quamquam

121 1713 372 1812 Westphalius
413 1713 442 1784 ll
485 1719 559 1805 764
599 1740 737 1787 rursum
778 1711 958 1785 Alcaeum
1003 1738 1071 1808 pro
1109 1731 1267 1786 auctore
1307 1715 1424 1788 totius

123 1844 299 1938 strophae
327 1842 507 1914 habetet
534 1839 614 1914 Alc.
644 1843 685 1915 sr.
716 1865 765 1934 43
794 1842 917 1913 affert:

548 1970 708 2062 Δάταγες
735 1973 925 2041 ποτέονται

545 2105 716 2188 κυλιχνᾶν
743 2094 813 2168 ἀπὸ
843 2103 952 2189 Τηῖᾶν

123 2225 192 2297 sed
233 2249 279 2295 ne
325 2250 372 2295 ex
412 2224 483 2296 hoc
524 2224 672 2319 quidem
714 2225 804 2295 certi
845 2222 982 2319 aliquid
1021 2241 1150 2296 contra
1187 2225 1427 2301 Diomedem

125 2351 220 2424 ellici
241 2366 377 2446 potest.

226 2478 332 2551 Haec
373 2477 517 2551 Horatii
555 2478 717 2550 carmina
756 2479 877 2551 omnia
917 2494 1008 2563 sunt,
1049 2481 1116 2552 uisi
1158 2483 1263 2577 quod
1309 2509 1423 2556 unum

125 2604 245 2679 adhuc
273 2606 470 2695 omisimus,
499 2606 548 2678 de
577 2632 652 2702 quo
678 2606 756 2702 jam
783 2606 979 2680 videndum
1008 2623 1075 2689 est,

296 2816 321 2912 ξ
349 2814 385 2888 8.
414 2816 463 2886 de
489 2815 661 2888 carmine
686 2815 739 2887 lll
769 2813 813 2887 12
839 2815 979 2888 ionicis
1004 2817 1239 2910 conscripto.

232 2962 316 3034 Hoc
337 2987 491 3035 carmen
518 2963 750 3057 interpretum
780 2964 885 3059 quasi
915 2987 1004 3034 crux
1027 2980 1085 3036 est
1102 2983 1141 3037 et
1160 2969 1423 3041 diversissimis

128 3090 325 3164 rationibus
358 3090 406 3162 ab
439 3090 481 3163 iis
516 3089 757 3186 distinguitur.
813 3090 939 3186 Atque
973 3115 1055 3163 cum
1083 3093 1251 3167 Bentleio
1280 3097 1422 3168 Meine·

127 3216 220 3306 hius,
250 3218 420 3300 Ritterus‚
440 3214 611 3305 Orellius,
633 3216 822 3305 Christius,
851 3244 943 3291 nunc
962 3216 1133 3292 Kellerus
1152 3220 1420 3319 Holderusque

129 3361 260 3443 quater
291 3345 396 3418 binos
424 3359 658 3417 tetrametros
685 3345 824 3417 ionicos
852 3372 933 3418 curn
960 3347 1109 3443 singulis
1137 3350 1305 3424 dimetris
1332 3376 1416 3424 con·
1460 3408 1463 3423 .

122 3474 272 3571 junctos
299 3498 384 3546 esse
403 3487 579 3557 statuunt;
607 3472 690 3545 olim
709 3471 878 3546 Kellerus
899 3472 1160 3573 Holderusque
1188 3502 1273 3550 cum
1293 3478 1411 3551 West·
1457 3490 1463 3613 q

127 3599 250 3697 phalio
284 3616 458 3697 quattuor
488 3599 663 3696 strophas
701 3601 794 3673 binis
836 3603 999 3676 dimetris
1040 3604 1209 3700 binisque
1247 3605 1409 3677 trimetris
1457 3624 1463 3683 ¹.

128 3728 303 3805 formatas
336 3729 603 3818 discreverant3
633 3726 743 3824 paulo
772 3728 878 3801 aliter
896 3730 1082 3804 Nauckius
1110 3758 1193 3804 cum
1211 3708 1434 3805 Kirehnero

130 3872 300 3953 quattuor
332 3858 503 3953 strophas
538 3883 559 3929 e
595 3856 688 3928 binis
722 3855 886 3930 dimetris
915 3883 994 3930 cum
1020 3859 1170 3958 singulis
1198 3857 1403 3933 tetrametn's

129 3984 353 4085 singulisque
387 3984 550 4058 dimetris
584 3984 791 4081 conjunctis
825 3985 929 4057 fictas
964 3989 1107 4071 statuit;
1145 4004 1277 4061 contra
1303 3983 1400 4059 Lach-

130 4138 281 4189 mannus
317 4129 355 4189 et
387 4112 430 4188 L.
458 4108 656 4185 Muellerus
674 4109 701 4207 1)
733 4127 852 4184 totum
888 4139 1035 4188 carmen
1069 4142 1140 4212 pro
1167 4142 1241 4189 una
1265 4109 1402 4209 stropha

130 4258 260 4339 ‹putor
275 4242 408 4317 decem
422 4239 564 4314 ionicos
580 4241 775 4336 complexa
787 4239 944 4326 habent;
964 4243 1125 4341 denique
1138 4238 1403 4336 Peerlkampius

239 4518 255 4589 ¹)
276 4520 304 4573 1..
327 4520 439 4571 Muelluri
459 4521 609 4572 sententium
627 4535 704 4587 prave
721 4519 842 4570 intellexit
859 4522 953 4571 Herbst
973 4524 999 4572 iu
1018 4524 1140 4574 Fleckeis.
1158 4540 1217 4575 ann
1239 4521 1337 4586 18751).
1358 4526 1442 4586 uq,
