3120 4838
676 908 977 1015 indam

333 1228 497 1291 Praefatio
520 1279 1040 1296 ........................
1053 1194 1063 1293 ⁵.
1079 1286 1084 1294 .
1102 1285 1106 1292 .
1124 1284 1129 1293 .
1147 1289 1149 1293 .
1168 1284 1283 1295 .....
1324 1200 1343 1211 ‘¹

181 1358 265 1440 Cap.
294 1360 308 1420 I
331 1359 384 1421 De
407 1358 607 1439 singulorum
631 1381 780 1423 versuum
804 1361 1005 1424 formatione.

233 1493 256 1570 §
287 1507 298 1551 1
328 1490 381 1551 De
405 1490 550 1552 versibus
574 1490 739 1572 dactylicis
762 1541 1277 1559 ........................
1356 1510 1463 1575 7--12

234 1623 256 1701 ξ
281 1637 301 1682 2
328 1622 380 1683 De
404 1621 549 1683 versibus
573 1621 717 1683 iambicis
741 1633 773 1685 et
796 1623 967 1686 trochaicis
983 1673 1277 1689 .............
1336 1642 1459 1707 12-23

233 1756 256 1834 ξ
282 1770 299 1833 3
325 1753 379 1815 De
403 1752 548 1815 versibus
572 1752 886 1834 dactylo-trochaicis
894 1805 1275 1819 .................
1331 1772 1373 1834 24
1381 1757 1461 1819 -26

233 1883 256 1961 ἓ
279 1900 303 1959 4
326 1882 378 1944 De
402 1884 546 1946 versibus
569 1880 768 1961 logaoedicis
785 1932 1276 1947 .......................
1331 1900 1437 1966 27-3
1445 1900 1460 1965 5

167 2012 251 2095 Cap.
276 2013 305 2074 ΙΙ
327 2014 381 2075 De
404 2015 580 2077 carminum
605 2014 855 2095 compositione.

233 2146 256 2224 ᾖ
283 2158 299 2223 5
325 2144 378 2205 De
402 2146 516 2228 epodis
541 2144 801 2226 carminibusque
824 2145 969 2227 epodicis
985 2195 1278 2210 .............
1333 2160 1462 2227 35-55

233 2278 256 2355 ξ
279 2274 302 2336 6
326 2274 378 2336 De
401 2272 597 2337 carminibus
620 2276 832 2337 monostichis
852 2324 1279 2341 ....................
1337 2280 1465 2357 55-58

235 2409 257 2485 ξ
283 2422 301 2487 7
327 2405 379 2467 De
403 2403 600 2468 carminibus
621 2406 784 2469 tetracolis
807 2453 1278 2471 ......................
1335 2405 1461 2484 59-62

239 2539 261 2617 ξ
285 2538 305 2598 8
330 2537 384 2598 De
406 2534 546 2598 carmine
569 2536 612 2597 111
641 2553 675 2598 12
700 2539 810 2600 ionicis
834 2538 1018 2620 conscripto
1051 2586 1278 2601 ...........
1334 2535 1463 2614 62-65

233 2667 377 2748 §9De
408 2665 540 2740 ratione,
572 2688 657 2748 quae
689 2668 771 2731 inter
794 2668 920 2743 Catulli,
945 2670 1083 2742 Horatii,
1115 2676 1285 2751 poetarum
1338 2740 1341 2747 Ι

435 2795 608 2878 lyricorum
631 2795 829 2862 Graecorum
852 2809 954 2862 metra
977 2799 1155 2862 intercedat
1183 2848 1278 2863 .....
1330 2797 1352 2859 6
1359 2797 1466 2878 5-67

232 3061 359 3124 Theses
378 3111 1271 3128 .......................................
1329 3059 1463 3139 68-69

232 3190 312 3253 Vita
332 3241 1269 3257 ..........................................
1371 3206 1415 3271 70
