<?xml version="1.0" encoding="UTF-8"?>
<!DOCTYPE html PUBLIC "-//W3C//DTD XHTML 1.0 Transitional//EN"
    "http://www.w3.org/TR/xhtml1/DTD/xhtml1-transitional.dtd">
<html xmlns="http://www.w3.org/1999/xhtml" xml:lang="en" lang="en">
 <head>
  <title>
</title>
<meta http-equiv="Content-Type" content="text/html;charset=utf-8" />
  <meta name='ocr-system' content='tesseract 3.04.00' />
  <meta name='ocr-capabilities' content='ocr_page ocr_carea ocr_par ocr_line ocrx_word'/>
</head>
<body>
  <div class='ocr_page' id='page_1' title='image "./deverborumcompo00horagoog/deverborumcompo00horagoog_0076.png"; bbox 0 0 3120 4838; ppageno 0'>
   <div class='ocr_carea' id='block_1_1' title="bbox 636 270 849 331">
    <p class='ocr_par' dir='ltr' id='par_1_1' title="bbox 636 270 849 331">
     <span class='ocr_line' id='line_1_1' title="bbox 636 270 849 331; baseline 0.005 -16"><span class='ocrx_word' id='word_1_1' title='bbox 636 270 849 331; x_wconf 63' lang='lat'>„10-</span> 
     </span>
    </p>
   </div>
   <div class='ocr_carea' id='block_1_2' title="bbox 166 410 1319 525">
    <p class='ocr_par' dir='ltr' id='par_1_2' title="bbox 166 410 1319 525">
     <span class='ocr_line' id='line_1_2' title="bbox 166 410 1319 525; baseline 0.009 -28"><span class='ocrx_word' id='word_1_2' title='bbox 166 437 302 515; x_wconf 85' lang='lat' dir='ltr'>saturae,</span> <span class='ocrx_word' id='word_1_3' title='bbox 325 457 405 521; x_wconf 86' lang='lat' dir='ltr'>quas</span> <span class='ocrx_word' id='word_1_4' title='bbox 424 437 612 524; x_wconf 76' lang='lat' dir='ltr'>Menippeas</span> <span class='ocrx_word' id='word_1_5' title='bbox 632 439 684 505; x_wconf 91' lang='lat' dir='ltr'>ille</span> <span class='ocrx_word' id='word_1_6' title='bbox 705 440 838 520; x_wconf 83' lang='lat' dir='ltr'>vocavit,</span> <span class='ocrx_word' id='word_1_7' title='bbox 846 442 869 522; x_wconf 83' lang='lat'>1)</span> <span class='ocrx_word' id='word_1_8' title='bbox 890 445 927 505; x_wconf 93' lang='lat' dir='ltr'>ut</span> <span class='ocrx_word' id='word_1_9' title='bbox 943 410 1016 525; x_wconf 24' lang='lat' dir='ltr'>&#39;ipse</span> <span class='ocrx_word' id='word_1_10' title='bbox 1043 439 1130 521; x_wconf 92' lang='lat' dir='ltr'>dicit,</span> <span class='ocrx_word' id='word_1_11' title='bbox 1140 444 1162 525; x_wconf 75' lang='lat'>²)</span> <span class='ocrx_word' id='word_1_12' title='bbox 1186 438 1319 524; x_wconf 91' lang='lat' dir='ltr'>,Menip-</span> 
     </span>
    </p>
   </div>
   <div class='ocr_carea' id='block_1_3' title="bbox 89 543 1324 3773">
    <p class='ocr_par' dir='ltr' id='par_1_3' title="bbox 108 543 1322 1496">
     <span class='ocr_line' id='line_1_3' title="bbox 165 543 1319 635; baseline 0.004 -28"><span class='ocrx_word' id='word_1_13' title='bbox 165 562 242 626; x_wconf 87' lang='lat' dir='ltr'>pum</span> <span class='ocrx_word' id='word_1_14' title='bbox 262 543 414 628; x_wconf 84' lang='lat' dir='ltr'>imitatus,</span> <span class='ocrx_word' id='word_1_15' title='bbox 439 568 504 613; x_wconf 91' lang='lat' dir='ltr'>non</span> <span class='ocrx_word' id='word_1_16' title='bbox 524 547 773 633; x_wconf 74' lang='lat' dir='ltr'>interpretatus.</span> <span class='ocrx_word' id='word_1_17' title='bbox 814 547 941 614; x_wconf 78' lang='lat' dir='ltr'>Deinde</span> <span class='ocrx_word' id='word_1_18' title='bbox 961 546 1088 614; x_wconf 90' lang='lat' dir='ltr'>Probus</span> <span class='ocrx_word' id='word_1_19' title='bbox 1098 549 1123 635; x_wconf 84' lang='lat'>³)</span> <span class='ocrx_word' id='word_1_20' title='bbox 1145 548 1194 614; x_wconf 89' lang='lat' dir='ltr'>his</span> <span class='ocrx_word' id='word_1_21' title='bbox 1215 546 1319 613; x_wconf 87' lang='lat' dir='ltr'>verbis</span> 
     </span>
     <span class='ocr_line' id='line_1_4' title="bbox 166 651 1319 743; baseline 0.004 -27"><span class='ocrx_word' id='word_1_22' title='bbox 166 651 201 729; x_wconf 89' lang='lat' dir='ltr'>,is</span> <span class='ocrx_word' id='word_1_23' title='bbox 223 652 279 737; x_wconf 85' lang='lat' dir='ltr'>(se.</span> <span class='ocrx_word' id='word_1_24' title='bbox 302 652 485 743; x_wconf 89' lang='lat' dir='ltr'>Menippus)</span> <span class='ocrx_word' id='word_1_25' title='bbox 507 677 634 741; x_wconf 89' lang='lat' dir='ltr'>quoque</span> <span class='ocrx_word' id='word_1_26' title='bbox 657 657 823 742; x_wconf 87' lang='lat' dir='ltr'>omnigeno</span> <span class='ocrx_word' id='word_1_27' title='bbox 854 657 993 723; x_wconf 81' lang='lat' dir='ltr'>carmine</span> <span class='ocrx_word' id='word_1_28' title='bbox 1025 661 1151 722; x_wconf 85' lang='lat' dir='ltr'>saturas</span> <span class='ocrx_word' id='word_1_29' title='bbox 1172 677 1245 721; x_wconf 89' lang='lat' dir='ltr'>suas</span> <span class='ocrx_word' id='word_1_30' title='bbox 1267 676 1319 721; x_wconf 87' lang='lat' dir='ltr'>ex-</span> 
     </span>
     <span class='ocr_line' id='line_1_5' title="bbox 165 760 1319 850; baseline 0.004 -24"><span class='ocrx_word' id='word_1_31' title='bbox 165 760 331 844; x_wconf 83' lang='lat' dir='ltr'>poliverat‘</span> <span class='ocrx_word' id='word_1_32' title='bbox 362 763 396 829; x_wconf 92' lang='lat' dir='ltr'>id</span> <span class='ocrx_word' id='word_1_33' title='bbox 424 768 571 846; x_wconf 86' lang='lat' dir='ltr'>testatur,</span> <span class='ocrx_word' id='word_1_34' title='bbox 603 764 659 830; x_wconf 90' lang='lat' dir='ltr'>ubi</span> <span class='ocrx_word' id='word_1_35' title='bbox 685 766 789 850; x_wconf 90' lang='lat' dir='ltr'>ipsum</span> <span class='ocrx_word' id='word_1_36' title='bbox 811 770 940 832; x_wconf 90' lang='lat' dir='ltr'>saturae</span> <span class='ocrx_word' id='word_1_37' title='bbox 968 786 1084 832; x_wconf 91' lang='lat' dir='ltr'>nomen</span> <span class='ocrx_word' id='word_1_38' title='bbox 1110 765 1319 831; x_wconf 85' lang='lat' dir='ltr'>translatione</span> 
     </span>
     <span class='ocr_line' id='line_1_6' title="bbox 167 868 1320 959; baseline 0.004 -25"><span class='ocrx_word' id='word_1_39' title='bbox 167 868 306 957; x_wconf 87' lang='lat' dir='ltr'>quadarn</span> <span class='ocrx_word' id='word_1_40' title='bbox 341 871 382 937; x_wconf 91' lang='lat' dir='ltr'>ab</span> <span class='ocrx_word' id='word_1_41' title='bbox 419 872 580 938; x_wconf 77' lang='lat' dir='ltr'>imitatore</span> <span class='ocrx_word' id='word_1_42' title='bbox 608 873 755 943; x_wconf 89' lang='lat' dir='ltr'>Romano</span> <span class='ocrx_word' id='word_1_43' title='bbox 787 875 888 959; x_wconf 87' lang='lat' dir='ltr'>petita</span> <span class='ocrx_word' id='word_1_44' title='bbox 918 874 958 940; x_wconf 92' lang='lat' dir='ltr'>de</span> <span class='ocrx_word' id='word_1_45' title='bbox 986 871 1114 941; x_wconf 83' lang='lat' dir='ltr'>Graece</span> <span class='ocrx_word' id='word_1_46' title='bbox 1139 873 1320 939; x_wconf 88' lang='lat' dir='ltr'>litterarum</span> 
     </span>
     <span class='ocr_line' id='line_1_7' title="bbox 167 979 1321 1067; baseline 0.002 -25"><span class='ocrx_word' id='word_1_47' title='bbox 167 998 283 1061; x_wconf 82' lang='lat' dir='ltr'>genere</span> <span class='ocrx_word' id='word_1_48' title='bbox 297 985 481 1065; x_wconf 88' lang='lat' dir='ltr'>usurpatur.</span> <span class='ocrx_word' id='word_1_49' title='bbox 525 980 609 1046; x_wconf 77' lang='lat' dir='ltr'>Tum</span> <span class='ocrx_word' id='word_1_50' title='bbox 630 1003 669 1046; x_wconf 85' lang='lat' dir='ltr'>ex</span> <span class='ocrx_word' id='word_1_51' title='bbox 686 982 786 1067; x_wconf 86' lang='lat' dir='ltr'>ipsius</span> <span class='ocrx_word' id='word_1_52' title='bbox 799 981 942 1066; x_wconf 91' lang='lat' dir='ltr'>Menippi</span> <span class='ocrx_word' id='word_1_53' title='bbox 955 979 1110 1047; x_wconf 89' lang='lat' dir='ltr'>librorum</span> <span class='ocrx_word' id='word_1_54' title='bbox 1124 979 1321 1066; x_wconf 81' lang='lat' dir='ltr'>fragmentis,</span> 
     </span>
     <span class='ocr_line' id='line_1_8' title="bbox 108 1088 1321 1174; baseline 0.002 -23"><span class='ocrx_word' id='word_1_55' title='bbox 108 1122 112 1130; x_wconf 96' lang='lat'>·</span> <span class='ocrx_word' id='word_1_56' title='bbox 167 1106 250 1171; x_wconf 89' lang='lat' dir='ltr'>quae</span> <span class='ocrx_word' id='word_1_57' title='bbox 281 1088 325 1153; x_wconf 86' lang='lat' dir='ltr'>ad</span> <span class='ocrx_word' id='word_1_58' title='bbox 355 1110 413 1155; x_wconf 92' lang='lat' dir='ltr'>nos</span> <span class='ocrx_word' id='word_1_59' title='bbox 445 1096 673 1174; x_wconf 89' lang='lat' dir='ltr'>pervenerunt,</span> <span class='ocrx_word' id='word_1_60' title='bbox 711 1090 789 1156; x_wconf 92' lang='lat' dir='ltr'>illud</span> <span class='ocrx_word' id='word_1_61' title='bbox 825 1091 966 1173; x_wconf 79' lang='lat' dir='ltr'>elucet.⁴)</span> <span class='ocrx_word' id='word_1_62' title='bbox 1028 1088 1203 1155; x_wconf 90' lang='lat' dir='ltr'>Postremo</span> <span class='ocrx_word' id='word_1_63' title='bbox 1230 1090 1321 1155; x_wconf 92' lang='lat' dir='ltr'>testis</span> 
     </span>
     <span class='ocr_line' id='line_1_9' title="bbox 166 1194 1321 1281; baseline 0.002 -20"><span class='ocrx_word' id='word_1_64' title='bbox 166 1194 336 1279; x_wconf 77' lang='lat' dir='ltr'>Lucienus,</span> <span class='ocrx_word' id='word_1_65' title='bbox 364 1198 419 1281; x_wconf 91' lang='lat' dir='ltr'>qui</span> <span class='ocrx_word' id='word_1_66' title='bbox 445 1219 509 1264; x_wconf 92' lang='lat' dir='ltr'>non</span> <span class='ocrx_word' id='word_1_67' title='bbox 531 1200 632 1265; x_wconf 91' lang='lat' dir='ltr'>solum</span> <span class='ocrx_word' id='word_1_68' title='bbox 656 1200 799 1265; x_wconf 88' lang='lat' dir='ltr'>eratione</span> <span class='ocrx_word' id='word_1_69' title='bbox 821 1199 854 1263; x_wconf 90' lang='lat' dir='ltr'>in</span> <span class='ocrx_word' id='word_1_70' title='bbox 873 1199 963 1264; x_wconf 90' lang='lat' dir='ltr'>illum</span> <span class='ocrx_word' id='word_1_71' title='bbox 983 1197 1113 1263; x_wconf 89' lang='lat' dir='ltr'>modum</span> <span class='ocrx_word' id='word_1_72' title='bbox 1134 1198 1235 1263; x_wconf 85' lang='lat' dir='ltr'>mixta</span> <span class='ocrx_word' id='word_1_73' title='bbox 1253 1196 1321 1263; x_wconf 91' lang='lat' dir='ltr'>Me·</span> 
     </span>
     <span class='ocr_line' id='line_1_10' title="bbox 166 1299 1321 1390; baseline 0.001 -21"><span class='ocrx_word' id='word_1_74' title='bbox 166 1304 297 1389; x_wconf 91' lang='lat' dir='ltr'>nippum</span> <span class='ocrx_word' id='word_1_75' title='bbox 329 1310 472 1373; x_wconf 90' lang='lat' dir='ltr'>utentem</span> <span class='ocrx_word' id='word_1_76' title='bbox 501 1306 616 1389; x_wconf 83' lang='lat' dir='ltr'>lacit,⁵)</span> <span class='ocrx_word' id='word_1_77' title='bbox 652 1307 708 1373; x_wconf 91' lang='lat' dir='ltr'>sed</span> <span class='ocrx_word' id='word_1_78' title='bbox 741 1309 836 1373; x_wconf 87' lang='lat' dir='ltr'>etiam</span> <span class='ocrx_word' id='word_1_79' title='bbox 867 1307 973 1373; x_wconf 82' lang='lat' dir='ltr'>verbis</span> <span class='ocrx_word' id='word_1_80' title='bbox 1005 1303 1054 1387; x_wconf 86' lang='grc' dir='ltr'>,τὸ</span> <span class='ocrx_word' id='word_1_81' title='bbox 1087 1300 1148 1390; x_wconf 79' lang='grc' dir='ltr'>γὰρ</span> <span class='ocrx_word' id='word_1_82' title='bbox 1180 1299 1321 1371; x_wconf 79' lang='grc' dir='ltr'><em>πάντων</em></span> 
     </span>
     <span class='ocr_line' id='line_1_11' title="bbox 166 1405 1322 1496; baseline 0.001 -19"><span class='ocrx_word' id='word_1_83' title='bbox 166 1405 387 1478; x_wconf 74' lang='grc' dir='ltr'><strong><em>ἀτοπώτατον</em></strong></span> <span class='ocrx_word' id='word_1_84' title='bbox 416 1451 459 1462; x_wconf 94' lang='lat'><em>-</em></span> <span class='ocrx_word' id='word_1_85' title='bbox 488 1413 610 1496; x_wconf 65' lang='lat' dir='ltr'>cenea</span> <span class='ocrx_word' id='word_1_86' title='bbox 640 1414 719 1479; x_wconf 88' lang='lat' dir='ltr'>illud</span> <span class='ocrx_word' id='word_1_87' title='bbox 747 1414 877 1480; x_wconf 90' lang='lat' dir='ltr'>indicat.</span> <span class='ocrx_word' id='word_1_88' title='bbox 933 1414 1056 1483; x_wconf 87' lang='lat' dir='ltr'>Versus</span> <span class='ocrx_word' id='word_1_89' title='bbox 1085 1418 1206 1495; x_wconf 91' lang='lat' dir='ltr'>autem,</span> <span class='ocrx_word' id='word_1_90' title='bbox 1241 1434 1322 1496; x_wconf 91' lang='lat' dir='ltr'>quos</span> 
     </span>
    </p>

    <p class='ocr_par' dir='ltr' id='par_1_4' title="bbox 89 1520 1323 2346">
     <span class='ocr_line' id='line_1_12' title="bbox 165 1520 1322 1607; baseline 0.002 -22"><span class='ocrx_word' id='word_1_91' title='bbox 165 1520 254 1586; x_wconf 93' lang='lat' dir='ltr'>libris</span> <span class='ocrx_word' id='word_1_92' title='bbox 280 1522 425 1600; x_wconf 87' lang='lat' dir='ltr'>inseruit,</span> <span class='ocrx_word' id='word_1_93' title='bbox 460 1522 648 1607; x_wconf 89' lang='lat' dir='ltr'>plerumque</span> <span class='ocrx_word' id='word_1_94' title='bbox 678 1544 717 1587; x_wconf 85' lang='lat' dir='ltr'>ex</span> <span class='ocrx_word' id='word_1_95' title='bbox 746 1523 881 1589; x_wconf 89' lang='lat' dir='ltr'>aliorum</span> <span class='ocrx_word' id='word_1_96' title='bbox 910 1521 1103 1588; x_wconf 86' lang='lat' dir='ltr'>carminibus</span> <span class='ocrx_word' id='word_1_97' title='bbox 1134 1522 1322 1607; x_wconf 88' lang='lat' dir='ltr'>Menippum</span> 
     </span>
     <span class='ocr_line' id='line_1_13' title="bbox 89 1612 1322 1716; baseline 0.002 -22"><span class='ocrx_word' id='word_1_98' title='bbox 89 1612 92 1617; x_wconf 41' lang='grc'><strong><em>’</em></strong></span> <span class='ocrx_word' id='word_1_99' title='bbox 167 1630 346 1715; x_wconf 83' lang='lat' dir='ltr'>sumpsisse,</span> <span class='ocrx_word' id='word_1_100' title='bbox 365 1630 412 1696; x_wconf 90' lang='lat' dir='ltr'>ita</span> <span class='ocrx_word' id='word_1_101' title='bbox 432 1636 468 1695; x_wconf 90' lang='lat' dir='ltr'>ut</span> <span class='ocrx_word' id='word_1_102' title='bbox 489 1652 542 1697; x_wconf 89' lang='lat' dir='ltr'>eos</span> <span class='ocrx_word' id='word_1_103' title='bbox 564 1631 598 1696; x_wconf 89' lang='lat' dir='ltr'>in</span> <span class='ocrx_word' id='word_1_104' title='bbox 616 1630 883 1716; x_wconf 87' lang='lat' dir='ltr'>sillographorum</span> <span class='ocrx_word' id='word_1_105' title='bbox 897 1632 1027 1698; x_wconf 89' lang='lat' dir='ltr'>medum</span> <span class='ocrx_word' id='word_1_106' title='bbox 1045 1631 1187 1716; x_wconf 88' lang='lat' dir='ltr'>parodiis</span> <span class='ocrx_word' id='word_1_107' title='bbox 1209 1630 1322 1697; x_wconf 89' lang='lat' dir='ltr'>deflec-</span> 
     </span>
     <span class='ocr_line' id='line_1_14' title="bbox 166 1738 1322 1824; baseline 0.003 -21"><span class='ocrx_word' id='word_1_108' title='bbox 166 1743 258 1820; x_wconf 89' lang='lat' dir='ltr'>teret,</span> <span class='ocrx_word' id='word_1_109' title='bbox 277 1738 375 1804; x_wconf 90' lang='lat' dir='ltr'>etiam</span> <span class='ocrx_word' id='word_1_110' title='bbox 389 1739 450 1807; x_wconf 87' lang='lat' dir='ltr'>hoc</span> <span class='ocrx_word' id='word_1_111' title='bbox 468 1760 506 1805; x_wconf 86' lang='lat' dir='ltr'>ex</span> <span class='ocrx_word' id='word_1_112' title='bbox 521 1740 698 1806; x_wconf 79' lang='lat' dir='ltr'>sanatione</span> <span class='ocrx_word' id='word_1_113' title='bbox 714 1740 865 1824; x_wconf 89' lang='lat' dir='ltr'>sequitur,</span> <span class='ocrx_word' id='word_1_114' title='bbox 882 1761 946 1824; x_wconf 88' lang='lat' dir='ltr'>qua</span> <span class='ocrx_word' id='word_1_115' title='bbox 960 1739 1123 1806; x_wconf 85' lang='lat' dir='ltr'>Lucienus</span> <span class='ocrx_word' id='word_1_116' title='bbox 1138 1740 1322 1823; x_wconf 89' lang='lat' dir='ltr'>loquentem</span> 
     </span>
     <span class='ocr_line' id='line_1_15' title="bbox 166 1847 1323 1933; baseline 0.003 -21"><span class='ocrx_word' id='word_1_117' title='bbox 166 1868 238 1912; x_wconf 88' lang='lat' dir='ltr'>eum</span> <span class='ocrx_word' id='word_1_118' title='bbox 256 1847 385 1915; x_wconf 87' lang='lat' dir='ltr'>inducit.</span> <span class='ocrx_word' id='word_1_119' title='bbox 431 1847 581 1915; x_wconf 77' lang='lat' dir='ltr'>Ceterum</span> <span class='ocrx_word' id='word_1_120' title='bbox 604 1848 723 1933; x_wconf 82' lang='lat' dir='ltr'>dialogi</span> <span class='ocrx_word' id='word_1_121' title='bbox 744 1848 848 1915; x_wconf 86' lang='lat' dir='ltr'>forma</span> <span class='ocrx_word' id='word_1_122' title='bbox 869 1849 922 1914; x_wconf 88' lang='lat' dir='ltr'>ille</span> <span class='ocrx_word' id='word_1_123' title='bbox 943 1870 1018 1915; x_wconf 88' lang='lat' dir='ltr'>usus</span> <span class='ocrx_word' id='word_1_124' title='bbox 1041 1869 1110 1916; x_wconf 88' lang='lat' dir='ltr'>esse</span> <span class='ocrx_word' id='word_1_125' title='bbox 1131 1848 1267 1931; x_wconf 79' lang='lat' dir='ltr'>videtur,</span> <span class='ocrx_word' id='word_1_126' title='bbox 1295 1851 1323 1915; x_wconf 90' lang='lat' dir='ltr'>si</span> 
     </span>
     <span class='ocr_line' id='line_1_16' title="bbox 167 1955 1320 2041; baseline 0.002 -21"><span class='ocrx_word' id='word_1_127' title='bbox 167 1955 294 2038; x_wconf 89' lang='lat' dir='ltr'>quidem</span> <span class='ocrx_word' id='word_1_128' title='bbox 317 1955 359 2020; x_wconf 88' lang='lat' dir='ltr'>ad</span> <span class='ocrx_word' id='word_1_129' title='bbox 381 1955 469 2021; x_wconf 91' lang='lat' dir='ltr'>illum</span> <span class='ocrx_word' id='word_1_130' title='bbox 498 1956 618 2022; x_wconf 88' lang='lat' dir='ltr'>referre</span> <span class='ocrx_word' id='word_1_131' title='bbox 646 1957 731 2037; x_wconf 86' lang='lat' dir='ltr'>lieet,</span> <span class='ocrx_word' id='word_1_132' title='bbox 760 1957 846 2041; x_wconf 91' lang='lat' dir='ltr'>quod</span> <span class='ocrx_word' id='word_1_133' title='bbox 866 1956 974 2025; x_wconf 86' lang='lat' dir='ltr'>Varro</span> <span class='ocrx_word' id='word_1_134' title='bbox 1004 1963 1037 2022; x_wconf 88' lang='lat' dir='ltr'>et</span> <span class='ocrx_word' id='word_1_135' title='bbox 1057 1956 1220 2023; x_wconf 84' lang='lat' dir='ltr'>Lucienus</span> <span class='ocrx_word' id='word_1_136' title='bbox 1245 1978 1320 2041; x_wconf 78' lang='lat' dir='ltr'>eam</span> 
     </span>
     <span class='ocr_line' id='line_1_17' title="bbox 166 2063 1321 2150; baseline 0.004 -24"><span class='ocrx_word' id='word_1_137' title='bbox 166 2070 409 2147; x_wconf 86' lang='lat' dir='ltr'>usurpaverunt.</span> <span class='ocrx_word' id='word_1_138' title='bbox 452 2063 546 2130; x_wconf 88' lang='lat' dir='ltr'>Haec</span> <span class='ocrx_word' id='word_1_139' title='bbox 560 2064 669 2147; x_wconf 89' lang='lat' dir='ltr'>habui,</span> <span class='ocrx_word' id='word_1_140' title='bbox 692 2086 774 2149; x_wconf 90' lang='lat' dir='ltr'>quae</span> <span class='ocrx_word' id='word_1_141' title='bbox 795 2065 835 2131; x_wconf 86' lang='lat' dir='ltr'>de</span> <span class='ocrx_word' id='word_1_142' title='bbox 849 2065 1001 2150; x_wconf 85' lang='lat' dir='ltr'>Menippo</span> <span class='ocrx_word' id='word_1_143' title='bbox 1016 2066 1216 2148; x_wconf 85' lang='lat' dir='ltr'>dissererem,</span> <span class='ocrx_word' id='word_1_144' title='bbox 1238 2087 1321 2150; x_wconf 91' lang='lat' dir='ltr'>quae</span> 
     </span>
     <span class='ocr_line' id='line_1_18' title="bbox 168 2154 1319 2258; baseline 0.003 -23"><span class='ocrx_word' id='word_1_145' title='bbox 168 2170 312 2238; x_wconf 88' lang='lat' dir='ltr'>sufficere</span> <span class='ocrx_word' id='word_1_146' title='bbox 332 2178 412 2256; x_wconf 89' lang='lat' dir='ltr'>puto</span> <span class='ocrx_word' id='word_1_147' title='bbox 438 2172 482 2238; x_wconf 89' lang='lat' dir='ltr'>ad</span> <span class='ocrx_word' id='word_1_148' title='bbox 510 2194 581 2239; x_wconf 88' lang='lat' dir='ltr'>eam</span> <span class='ocrx_word' id='word_1_149' title='bbox 609 2154 709 2258; x_wconf 52' lang='lat' dir='ltr'>quam&#39;</span> <span class='ocrx_word' id='word_1_150' title='bbox 733 2172 825 2239; x_wconf 91' lang='lat' dir='ltr'>nobis</span> <span class='ocrx_word' id='word_1_151' title='bbox 851 2174 1075 2258; x_wconf 88' lang='lat' dir='ltr'>proposuimus</span> <span class='ocrx_word' id='word_1_152' title='bbox 1102 2173 1319 2258; x_wconf 88' lang='lat' dir='ltr'>quaestionem</span> 
     </span>
     <span class='ocr_line' id='line_1_19' title="bbox 171 2279 415 2346; baseline 0.004 -1"><span class='ocrx_word' id='word_1_153' title='bbox 171 2279 415 2346; x_wconf 88' lang='lat' dir='ltr'>diiudicandam.</span> 
     </span>
    </p>

    <p class='ocr_par' dir='ltr' id='par_1_5' title="bbox 166 2389 1324 3773">
     <span class='ocr_line' id='line_1_20' title="bbox 268 2389 1319 2473; baseline 0 -18"><span class='ocrx_word' id='word_1_154' title='bbox 268 2389 346 2456; x_wconf 88' lang='lat' dir='ltr'>Jam</span> <span class='ocrx_word' id='word_1_155' title='bbox 370 2390 512 2456; x_wconf 83' lang='lat' dir='ltr'>venimus</span> <span class='ocrx_word' id='word_1_156' title='bbox 535 2389 578 2456; x_wconf 89' lang='lat' dir='ltr'>ad</span> <span class='ocrx_word' id='word_1_157' title='bbox 600 2391 735 2456; x_wconf 87' lang='lat' dir='ltr'>alteram</span> <span class='ocrx_word' id='word_1_158' title='bbox 757 2394 891 2473; x_wconf 86' lang='lat' dir='ltr'>partem,</span> <span class='ocrx_word' id='word_1_159' title='bbox 923 2410 988 2472; x_wconf 87' lang='lat' dir='ltr'>qua</span> <span class='ocrx_word' id='word_1_160' title='bbox 1016 2390 1151 2473; x_wconf 85' lang='lat' dir='ltr'>quidex</span> <span class='ocrx_word' id='word_1_161' title='bbox 1171 2389 1319 2455; x_wconf 82' lang='lat' dir='ltr'>universa</span> 
     </span>
     <span class='ocr_line' id='line_1_21' title="bbox 166 2496 1320 2583; baseline 0 -21"><span class='ocrx_word' id='word_1_162' title='bbox 166 2499 298 2579; x_wconf 88' lang='lat' dir='ltr'>ratione,</span> <span class='ocrx_word' id='word_1_163' title='bbox 328 2520 411 2583; x_wconf 90' lang='lat' dir='ltr'>quae</span> <span class='ocrx_word' id='word_1_164' title='bbox 428 2498 569 2565; x_wconf 89' lang='lat' dir='ltr'>Horatio</span> <span class='ocrx_word' id='word_1_165' title='bbox 592 2521 664 2564; x_wconf 90' lang='lat' dir='ltr'>cum</span> <span class='ocrx_word' id='word_1_166' title='bbox 686 2497 894 2582; x_wconf 88' lang='lat' dir='ltr'>scriptoribus</span> <span class='ocrx_word' id='word_1_167' title='bbox 917 2496 1051 2565; x_wconf 82' lang='lat' dir='ltr'>Graecis</span> <span class='ocrx_word' id='word_1_168' title='bbox 1074 2497 1249 2580; x_wconf 88' lang='lat' dir='ltr'>intercedit,</span> <span class='ocrx_word' id='word_1_169' title='bbox 1274 2498 1320 2563; x_wconf 85' lang='lat' dir='ltr'>ad</span> 
     </span>
     <span class='ocr_line' id='line_1_22' title="bbox 166 2606 1320 2692; baseline -0.002 -19"><span class='ocrx_word' id='word_1_170' title='bbox 166 2608 428 2674; x_wconf 86' lang='lat' dir='ltr'>necessitudinem</span> <span class='ocrx_word' id='word_1_171' title='bbox 458 2608 541 2675; x_wconf 90' lang='lat' dir='ltr'>illius</span> <span class='ocrx_word' id='word_1_172' title='bbox 569 2630 641 2674; x_wconf 89' lang='lat' dir='ltr'>oum</span> <span class='ocrx_word' id='word_1_173' title='bbox 663 2607 814 2692; x_wconf 90' lang='lat' dir='ltr'>Menippo</span> <span class='ocrx_word' id='word_1_174' title='bbox 843 2607 1046 2673; x_wconf 85' lang='lat' dir='ltr'>statuendam</span> <span class='ocrx_word' id='word_1_175' title='bbox 1074 2606 1240 2689; x_wconf 84' lang='lat' dir='ltr'>redundet,</span> <span class='ocrx_word' id='word_1_176' title='bbox 1269 2628 1320 2673; x_wconf 86' lang='lat' dir='ltr'>ex·</span> 
     </span>
     <span class='ocr_line' id='line_1_23' title="bbox 166 2713 1320 2800; baseline 0.001 -20"><span class='ocrx_word' id='word_1_177' title='bbox 166 2716 285 2800; x_wconf 86' lang='lat' dir='ltr'>plicare</span> <span class='ocrx_word' id='word_1_178' title='bbox 307 2716 536 2783; x_wconf 87' lang='lat' dir='ltr'>constituimus.</span> <span class='ocrx_word' id='word_1_179' title='bbox 580 2718 692 2800; x_wconf 90' lang='lat' dir='ltr'>Atque</span> <span class='ocrx_word' id='word_1_180' title='bbox 713 2713 835 2781; x_wconf 83' lang='lat' dir='ltr'>Theod.</span> <span class='ocrx_word' id='word_1_181' title='bbox 858 2713 1054 2779; x_wconf 84' lang='lat' dir='ltr'>Fritzsohiue</span> <span class='ocrx_word' id='word_1_182' title='bbox 1072 2714 1192 2780; x_wconf 89' lang='lat' dir='ltr'>Horati</span> <span class='ocrx_word' id='word_1_183' title='bbox 1214 2715 1320 2781; x_wconf 88' lang='lat' dir='ltr'>studio</span> 
     </span>
     <span class='ocr_line' id='line_1_24' title="bbox 167 2821 1322 2909; baseline 0.001 -20"><span class='ocrx_word' id='word_1_184' title='bbox 167 2829 199 2889; x_wconf 92' lang='lat' dir='ltr'>et</span> <span class='ocrx_word' id='word_1_185' title='bbox 225 2826 327 2891; x_wconf 86' lang='lat' dir='ltr'>amori</span> <span class='ocrx_word' id='word_1_186' title='bbox 356 2826 388 2890; x_wconf 89' lang='lat' dir='ltr'>in</span> <span class='ocrx_word' id='word_1_187' title='bbox 416 2826 586 2909; x_wconf 88' lang='lat' dir='ltr'>scriptores</span> <span class='ocrx_word' id='word_1_188' title='bbox 616 2824 760 2899; x_wconf 81' lang='lat' dir='ltr'>Graecos</span> <span class='ocrx_word' id='word_1_189' title='bbox 789 2822 924 2888; x_wconf 88' lang='lat' dir='ltr'>multum</span> <span class='ocrx_word' id='word_1_190' title='bbox 954 2821 1067 2888; x_wconf 89' lang='lat' dir='ltr'>tribuit</span> <span class='ocrx_word' id='word_1_191' title='bbox 1077 2826 1112 2905; x_wconf 80' lang='lat'>⁷),</span> <span class='ocrx_word' id='word_1_192' title='bbox 1151 2844 1214 2906; x_wconf 89' lang='lat' dir='ltr'>quo</span> <span class='ocrx_word' id='word_1_193' title='bbox 1248 2845 1322 2891; x_wconf 90' lang='lat' dir='ltr'>eum</span> 
     </span>
     <span class='ocr_line' id='line_1_25' title="bbox 166 2929 1323 3017; baseline 0.002 -21"><span class='ocrx_word' id='word_1_194' title='bbox 166 2934 344 2998; x_wconf 90' lang='lat' dir='ltr'>necessario</span> <span class='ocrx_word' id='word_1_195' title='bbox 367 2932 410 2998; x_wconf 87' lang='lat' dir='ltr'>ad</span> <span class='ocrx_word' id='word_1_196' title='bbox 431 2932 617 3017; x_wconf 88' lang='lat' dir='ltr'>Menippum</span> <span class='ocrx_word' id='word_1_197' title='bbox 637 2931 768 2997; x_wconf 90' lang='lat' dir='ltr'>ductum</span> <span class='ocrx_word' id='word_1_198' title='bbox 794 2951 863 2996; x_wconf 90' lang='lat' dir='ltr'>esse</span> <span class='ocrx_word' id='word_1_199' title='bbox 889 2935 990 3014; x_wconf 87' lang='lat' dir='ltr'>putat.</span> <span class='ocrx_word' id='word_1_200' title='bbox 1035 2929 1175 2997; x_wconf 78' lang='lat' dir='ltr'>Causam</span> <span class='ocrx_word' id='word_1_201' title='bbox 1204 2937 1323 3016; x_wconf 88' lang='lat' dir='ltr'>autem,</span> 
     </span>
     <span class='ocr_line' id='line_1_26' title="bbox 168 3038 1323 3125; baseline 0 -19"><span class='ocrx_word' id='word_1_202' title='bbox 168 3063 224 3106; x_wconf 90' lang='lat' dir='ltr'>eur</span> <span class='ocrx_word' id='word_1_203' title='bbox 245 3062 349 3125; x_wconf 89' lang='lat' dir='ltr'>neque</span> <span class='ocrx_word' id='word_1_204' title='bbox 370 3039 557 3125; x_wconf 90' lang='lat' dir='ltr'>Menippum</span> <span class='ocrx_word' id='word_1_205' title='bbox 576 3061 678 3124; x_wconf 88' lang='lat' dir='ltr'>neque</span> <span class='ocrx_word' id='word_1_206' title='bbox 696 3039 877 3108; x_wconf 86' lang='lat' dir='ltr'>Varronem</span> <span class='ocrx_word' id='word_1_207' title='bbox 907 3038 959 3103; x_wconf 91' lang='lat' dir='ltr'>ille</span> <span class='ocrx_word' id='word_1_208' title='bbox 987 3038 1209 3118; x_wconf 82' lang='lat' dir='ltr'>nominaverit,</span> <span class='ocrx_word' id='word_1_209' title='bbox 1238 3039 1323 3106; x_wconf 89' lang='lat' dir='ltr'>hanc</span> 
     </span>
     <span class='ocr_line' id='line_1_27' title="bbox 168 3146 1323 3233; baseline 0 -19"><span class='ocrx_word' id='word_1_210' title='bbox 168 3149 357 3216; x_wconf 77' lang='lat' dir='ltr'>Theodorus</span> <span class='ocrx_word' id='word_1_211' title='bbox 371 3148 567 3215; x_wconf 82' lang='lat' dir='ltr'>Fritzsohius</span> <span class='ocrx_word' id='word_1_212' title='bbox 590 3147 685 3215; x_wconf 87' lang='lat' dir='ltr'>affert</span> <span class='ocrx_word' id='word_1_213' title='bbox 709 3169 764 3230; x_wconf 85' lang='lat' dir='ltr'>,er</span> <span class='ocrx_word' id='word_1_214' title='bbox 778 3169 844 3213; x_wconf 88' lang='lat' dir='ltr'>war</span> <span class='ocrx_word' id='word_1_215' title='bbox 866 3146 933 3212; x_wconf 88' lang='lat' dir='ltr'>sich</span> <span class='ocrx_word' id='word_1_216' title='bbox 955 3146 1102 3229; x_wconf 88' lang='lat' dir='ltr'>bewusst,</span> <span class='ocrx_word' id='word_1_217' title='bbox 1123 3147 1180 3213; x_wconf 89' lang='lat' dir='ltr'>der</span> <span class='ocrx_word' id='word_1_218' title='bbox 1201 3151 1323 3233; x_wconf 91' lang='lat' dir='ltr'>menip-</span> 
     </span>
     <span class='ocr_line' id='line_1_28' title="bbox 168 3253 1321 3341; baseline -0.002 -18"><span class='ocrx_word' id='word_1_219' title='bbox 168 3258 315 3341; x_wconf 87' lang='lat' dir='ltr'>peisehen</span> <span class='ocrx_word' id='word_1_220' title='bbox 345 3256 413 3324; x_wconf 87' lang='lat' dir='ltr'>Sat.</span> <span class='ocrx_word' id='word_1_221' title='bbox 442 3256 641 3323; x_wconf 85' lang='lat' dir='ltr'>wesentliohe</span> <span class='ocrx_word' id='word_1_222' title='bbox 670 3253 921 3340; x_wconf 82' lang='lat' dir='ltr'>Eigensehaften</span> <span class='ocrx_word' id='word_1_223' title='bbox 954 3254 1098 3321; x_wconf 86' lang='lat' dir='ltr'>entlehnt</span> <span class='ocrx_word' id='word_1_224' title='bbox 1132 3275 1171 3318; x_wconf 83' lang='lat' dir='ltr'>zu</span> <span class='ocrx_word' id='word_1_225' title='bbox 1206 3254 1321 3337; x_wconf 89' lang='lat' dir='ltr'>haben,</span> 
     </span>
     <span class='ocr_line' id='line_1_29' title="bbox 169 3361 1322 3447; baseline 0 -18"><span class='ocrx_word' id='word_1_226' title='bbox 169 3364 220 3429; x_wconf 89' lang='lat' dir='ltr'>die</span> <span class='ocrx_word' id='word_1_227' title='bbox 243 3365 328 3430; x_wconf 83' lang='lat' dir='ltr'>seina</span> <span class='ocrx_word' id='word_1_228' title='bbox 349 3363 426 3443; x_wconf 84' lang='lat' dir='ltr'>Sat,</span> <span class='ocrx_word' id='word_1_229' title='bbox 449 3364 482 3429; x_wconf 94' lang='lat' dir='ltr'>in</span> <span class='ocrx_word' id='word_1_230' title='bbox 504 3362 759 3430; x_wconf 85' lang='lat' dir='ltr'>entechiedenem</span> <span class='ocrx_word' id='word_1_231' title='bbox 777 3363 940 3428; x_wconf 88' lang='lat' dir='ltr'>Kontrast</span> <span class='ocrx_word' id='word_1_232' title='bbox 960 3382 999 3425; x_wconf 88' lang='lat' dir='ltr'>zu</span> <span class='ocrx_word' id='word_1_233' title='bbox 1021 3361 1078 3428; x_wconf 90' lang='lat' dir='ltr'>der</span> <span class='ocrx_word' id='word_1_234' title='bbox 1100 3367 1208 3447; x_wconf 88' lang='lat' dir='ltr'>streng</span> <span class='ocrx_word' id='word_1_235' title='bbox 1229 3383 1322 3446; x_wconf 90' lang='lat' dir='ltr'>repu-</span> 
     </span>
     <span class='ocr_line' id='line_1_30' title="bbox 168 3469 1323 3555; baseline -0.002 -17"><span class='ocrx_word' id='word_1_236' title='bbox 168 3472 385 3539; x_wconf 82' lang='lat' dir='ltr'>blilranischen</span> <span class='ocrx_word' id='word_1_237' title='bbox 406 3471 461 3537; x_wconf 89' lang='lat' dir='ltr'>des</span> <span class='ocrx_word' id='word_1_238' title='bbox 483 3471 624 3538; x_wconf 85' lang='lat' dir='ltr'>Lucilius</span> <span class='ocrx_word' id='word_1_239' title='bbox 630 3523 638 3555; x_wconf 88' lang='lat'>,</span> <span class='ocrx_word' id='word_1_240' title='bbox 669 3494 708 3537; x_wconf 86' lang='lat' dir='ltr'>zu</span> <span class='ocrx_word' id='word_1_241' title='bbox 736 3472 822 3536; x_wconf 89' lang='lat' dir='ltr'>einer</span> <span class='ocrx_word' id='word_1_242' title='bbox 854 3469 923 3534; x_wconf 89' lang='lat' dir='ltr'>rein</span> <span class='ocrx_word' id='word_1_243' title='bbox 945 3470 1205 3536; x_wconf 86' lang='lat' dir='ltr'>monarchiechen</span> <span class='ocrx_word' id='word_1_244' title='bbox 1228 3477 1323 3537; x_wconf 89' lang='lat' dir='ltr'>stem·</span> 
     </span>
     <span class='ocr_line' id='line_1_31' title="bbox 168 3575 1324 3665; baseline 0.001 -19"><span class='ocrx_word' id='word_1_245' title='bbox 168 3580 304 3665; x_wconf 64' lang='lat' dir='ltr'>peltenf‘</span> <span class='ocrx_word' id='word_1_246' title='bbox 354 3578 537 3657; x_wconf 83' lang='lat' dir='ltr'>Accedere,</span> <span class='ocrx_word' id='word_1_247' title='bbox 570 3580 656 3664; x_wconf 91' lang='lat' dir='ltr'>quod</span> <span class='ocrx_word' id='word_1_248' title='bbox 686 3579 794 3648; x_wconf 88' lang='lat' dir='ltr'>Varro</span> <span class='ocrx_word' id='word_1_249' title='bbox 824 3581 935 3643; x_wconf 89' lang='lat' dir='ltr'>eontra</span> <span class='ocrx_word' id='word_1_250' title='bbox 960 3575 1148 3660; x_wconf 77' lang='lat' dir='ltr'>Gaesarem,</span> <span class='ocrx_word' id='word_1_251' title='bbox 1180 3580 1324 3664; x_wconf 88' lang='lat' dir='ltr'>Augusti</span> 
     </span>
     <span class='ocr_line' id='line_1_32' title="bbox 169 3685 1322 3773; baseline 0.002 -19"><span class='ocrx_word' id='word_1_252' title='bbox 169 3688 369 3770; x_wconf 84' lang='lat' dir='ltr'>avunculum,</span> <span class='ocrx_word' id='word_1_253' title='bbox 401 3690 600 3773; x_wconf 84' lang='lat' dir='ltr'>pugnaverit.</span> <span class='ocrx_word' id='word_1_254' title='bbox 649 3689 760 3772; x_wconf 90' lang='lat' dir='ltr'>Atque</span> <span class='ocrx_word' id='word_1_255' title='bbox 790 3707 865 3752; x_wconf 86' lang='lat' dir='ltr'>vere</span> <span class='ocrx_word' id='word_1_256' title='bbox 886 3706 920 3751; x_wconf 88' lang='lat' dir='ltr'>se</span> <span class='ocrx_word' id='word_1_257' title='bbox 944 3685 1063 3751; x_wconf 85' lang='lat' dir='ltr'>sentire</span> <span class='ocrx_word' id='word_1_258' title='bbox 1092 3691 1125 3752; x_wconf 87' lang='lat' dir='ltr'>et</span> <span class='ocrx_word' id='word_1_259' title='bbox 1153 3707 1192 3751; x_wconf 81' lang='lat' dir='ltr'>ex</span> <span class='ocrx_word' id='word_1_260' title='bbox 1217 3689 1322 3756; x_wconf 85' lang='lat' dir='ltr'>verbis</span> 
     </span>
    </p>
   </div>
   <div class='ocr_carea' id='block_1_4' title="bbox 168 3891 1322 4421">
    <p class='ocr_par' dir='ltr' id='par_1_6' title="bbox 168 3891 1322 4421">
     <span class='ocr_line' id='line_1_33' title="bbox 272 3891 1322 3966; baseline 0 -16"><span class='ocrx_word' id='word_1_261' title='bbox 272 3898 292 3966; x_wconf 87' lang='lat'>¹)</span> <span class='ocrx_word' id='word_1_262' title='bbox 309 3896 412 3951; x_wconf 82' lang='lat' dir='ltr'>Gellius</span> <span class='ocrx_word' id='word_1_263' title='bbox 435 3913 460 3952; x_wconf 91' lang='lat' dir='ltr'>n.</span> <span class='ocrx_word' id='word_1_264' title='bbox 484 3892 549 3954; x_wconf 85' lang='lat' dir='ltr'>Att.</span> <span class='ocrx_word' id='word_1_265' title='bbox 566 3895 595 3948; x_wconf 92' lang='lat' dir='ltr'>ll</span> <span class='ocrx_word' id='word_1_266' title='bbox 616 3896 658 3959; x_wconf 90' lang='grc'>18;</span> <span class='ocrx_word' id='word_1_267' title='bbox 687 3894 801 3949; x_wconf 85' lang='lat' dir='ltr'>Macrob.</span> <span class='ocrx_word' id='word_1_268' title='bbox 822 3896 923 3948; x_wconf 87' lang='lat' dir='ltr'>saturn.</span> <span class='ocrx_word' id='word_1_269' title='bbox 943 3894 966 3958; x_wconf 87' lang='lat'>1,</span> <span class='ocrx_word' id='word_1_270' title='bbox 992 3894 1032 3946; x_wconf 91' lang='lat'>11.</span> <span class='ocrx_word' id='word_1_271' title='bbox 1136 3891 1157 3963; x_wconf 81' lang='lat'>²)</span> <span class='ocrx_word' id='word_1_272' title='bbox 1175 3893 1245 3961; x_wconf 90' lang='lat' dir='ltr'>apud</span> <span class='ocrx_word' id='word_1_273' title='bbox 1265 3893 1322 3950; x_wconf 80' lang='lat' dir='ltr'>(lie.</span> 
     </span>
     <span class='ocr_line' id='line_1_34' title="bbox 168 3984 1322 4057; baseline -0.003 -14"><span class='ocrx_word' id='word_1_274' title='bbox 168 3987 241 4043; x_wconf 88' lang='lat' dir='ltr'>acad.</span> <span class='ocrx_word' id='word_1_275' title='bbox 259 3990 329 4057; x_wconf 89' lang='lat' dir='ltr'>post.</span> <span class='ocrx_word' id='word_1_276' title='bbox 344 3989 358 4041; x_wconf 95' lang='grc' dir='ltr'>Ι</span> <span class='ocrx_word' id='word_1_277' title='bbox 376 3989 400 4043; x_wconf 91' lang='grc'>8.</span> <span class='ocrx_word' id='word_1_278' title='bbox 493 3986 513 4057; x_wconf 79' lang='lat'>³)</span> <span class='ocrx_word' id='word_1_279' title='bbox 530 3987 558 4041; x_wconf 90' lang='lat' dir='ltr'>in</span> <span class='ocrx_word' id='word_1_280' title='bbox 576 3986 686 4056; x_wconf 87' lang='lat' dir='ltr'>Vergilii</span> <span class='ocrx_word' id='word_1_281' title='bbox 701 3987 748 4040; x_wconf 88' lang='lat' dir='ltr'>ecl.</span> <span class='ocrx_word' id='word_1_282' title='bbox 763 3987 800 4040; x_wconf 89' lang='lat' dir='ltr'>VI</span> <span class='ocrx_word' id='word_1_283' title='bbox 819 4002 843 4039; x_wconf 86' lang='lat' dir='ltr'>v.</span> <span class='ocrx_word' id='word_1_284' title='bbox 862 3986 902 4050; x_wconf 85' lang='lat'>31,</span> <span class='ocrx_word' id='word_1_285' title='bbox 921 4002 946 4054; x_wconf 89' lang='lat' dir='ltr'>p.</span> <span class='ocrx_word' id='word_1_286' title='bbox 966 3985 997 4036; x_wconf 87' lang='grc'>14</span> <span class='ocrx_word' id='word_1_287' title='bbox 1016 3984 1085 4040; x_wconf 90' lang='lat' dir='ltr'>Keil.</span> <span class='ocrx_word' id='word_1_288' title='bbox 1173 3985 1194 4054; x_wconf 80' lang='lat'>⁴)</span> <span class='ocrx_word' id='word_1_289' title='bbox 1215 3984 1322 4041; x_wconf 87' lang='lat' dir='ltr'>Preller.</span> 
     </span>
     <span class='ocr_line' id='line_1_35' title="bbox 169 4073 1322 4147; baseline -0.003 -14"><span class='ocrx_word' id='word_1_290' title='bbox 169 4078 256 4133; x_wconf 87' lang='lat' dir='ltr'>annal.</span> <span class='ocrx_word' id='word_1_291' title='bbox 277 4078 332 4133; x_wconf 91' lang='lat' dir='ltr'>litt.</span> <span class='ocrx_word' id='word_1_292' title='bbox 351 4079 409 4134; x_wconf 80' lang='lat' dir='ltr'>len.</span> <span class='ocrx_word' id='word_1_293' title='bbox 429 4078 493 4133; x_wconf 71' lang='grc' dir='ltr'>11147Ι</span> <span class='ocrx_word' id='word_1_294' title='bbox 521 4095 546 4147; x_wconf 89' lang='lat' dir='ltr'>p.</span> <span class='ocrx_word' id='word_1_295' title='bbox 565 4077 623 4142; x_wconf 83' lang='lat'>621,</span> <span class='ocrx_word' id='word_1_296' title='bbox 649 4075 754 4130; x_wconf 85' lang='lat' dir='ltr'>Riesius</span> <span class='ocrx_word' id='word_1_297' title='bbox 773 4075 791 4130; x_wconf 94' lang='lat' dir='ltr'>l.</span> <span class='ocrx_word' id='word_1_298' title='bbox 810 4076 827 4128; x_wconf 95' lang='lat' dir='ltr'>l.</span> <span class='ocrx_word' id='word_1_299' title='bbox 848 4077 887 4142; x_wconf 90' lang='lat' dir='ltr'>ll,</span> <span class='ocrx_word' id='word_1_300' title='bbox 908 4074 1074 4128; x_wconf 79' lang='lat' dir='ltr'>Fritzschius</span> <span class='ocrx_word' id='word_1_301' title='bbox 1098 4073 1129 4128; x_wconf 91' lang='lat' dir='ltr'>de</span> <span class='ocrx_word' id='word_1_302' title='bbox 1155 4076 1246 4143; x_wconf 86' lang='lat' dir='ltr'>script.</span> <span class='ocrx_word' id='word_1_303' title='bbox 1269 4079 1322 4131; x_wconf 89' lang='lat' dir='ltr'>sat.</span> 
     </span>
     <span class='ocr_line' id='line_1_36' title="bbox 170 4163 1321 4236; baseline -0.003 -14"><span class='ocrx_word' id='word_1_304' title='bbox 170 4184 237 4236; x_wconf 88' lang='lat' dir='ltr'>spec.</span> <span class='ocrx_word' id='word_1_305' title='bbox 262 4167 304 4221; x_wconf 92' lang='lat' dir='ltr'>Ill</span> <span class='ocrx_word' id='word_1_306' title='bbox 331 4170 363 4234; x_wconf 84' lang='grc'>7.,</span> <span class='ocrx_word' id='word_1_307' title='bbox 387 4167 436 4223; x_wconf 83' lang='lat' dir='ltr'>Th.</span> <span class='ocrx_word' id='word_1_308' title='bbox 459 4167 588 4222; x_wconf 75' lang='lat' dir='ltr'>Fritzsch.</span> <span class='ocrx_word' id='word_1_309' title='bbox 613 4166 692 4229; x_wconf 81' lang='lat' dir='ltr'>‚Mem</span> <span class='ocrx_word' id='word_1_310' title='bbox 711 4181 738 4220; x_wconf 88' lang='lat' dir='ltr'>u.</span> <span class='ocrx_word' id='word_1_311' title='bbox 757 4166 828 4220; x_wconf 88' lang='lat' dir='ltr'>Hor.‘</span> <span class='ocrx_word' id='word_1_312' title='bbox 857 4181 882 4234; x_wconf 90' lang='lat' dir='ltr'>p.</span> <span class='ocrx_word' id='word_1_313' title='bbox 907 4165 956 4230; x_wconf 80' lang='lat'>14,</span> <span class='ocrx_word' id='word_1_314' title='bbox 983 4163 1165 4218; x_wconf 87' lang='lat' dir='ltr'>Waehsmuth.</span> <span class='ocrx_word' id='word_1_315' title='bbox 1183 4164 1211 4217; x_wconf 91' lang='grc' dir='ltr'>ΙΙ</span> <span class='ocrx_word' id='word_1_316' title='bbox 1235 4182 1260 4233; x_wconf 85' lang='lat' dir='ltr'>p.</span> <span class='ocrx_word' id='word_1_317' title='bbox 1279 4167 1321 4232; x_wconf 85' lang='lat'>80,</span> 
     </span>
     <span class='ocr_line' id='line_1_37' title="bbox 168 4253 1322 4329; baseline -0.002 -15"><span class='ocrx_word' id='word_1_318' title='bbox 168 4256 322 4314; x_wconf 83' lang='lat' dir='ltr'>Wildenow.</span> <span class='ocrx_word' id='word_1_319' title='bbox 336 4275 362 4327; x_wconf 90' lang='lat' dir='ltr'>p.</span> <span class='ocrx_word' id='word_1_320' title='bbox 371 4258 413 4312; x_wconf 77' lang='lat'>29.</span> <span class='ocrx_word' id='word_1_321' title='bbox 474 4257 673 4329; x_wconf 81' lang='lat' dir='ltr'>⁵)inJoarom,</span> <span class='ocrx_word' id='word_1_322' title='bbox 691 4257 795 4327; x_wconf 83' lang='lat' dir='ltr'>Necyo,</span> <span class='ocrx_word' id='word_1_323' title='bbox 815 4257 852 4310; x_wconf 89' lang='lat' dir='ltr'>al.</span> <span class='ocrx_word' id='word_1_324' title='bbox 910 4253 932 4324; x_wconf 78' lang='lat'>⁶)</span> <span class='ocrx_word' id='word_1_325' title='bbox 950 4254 996 4308; x_wconf 89' lang='lat' dir='ltr'>Bis</span> <span class='ocrx_word' id='word_1_326' title='bbox 1010 4269 1097 4309; x_wconf 88' lang='lat' dir='ltr'>accus.</span> <span class='ocrx_word' id='word_1_327' title='bbox 1106 4255 1147 4309; x_wconf 87' lang='lat'>33.</span> <span class='ocrx_word' id='word_1_328' title='bbox 1212 4254 1232 4324; x_wconf 79' lang='lat'>⁷)</span> <span class='ocrx_word' id='word_1_329' title='bbox 1249 4257 1322 4322; x_wconf 79' lang='lat' dir='ltr'>,Hor</span> 
     </span>
     <span class='ocr_line' id='line_1_38' title="bbox 168 4349 495 4421; baseline 0.006 -18"><span class='ocrx_word' id='word_1_330' title='bbox 168 4367 194 4404; x_wconf 87' lang='lat' dir='ltr'>u.</span> <span class='ocrx_word' id='word_1_331' title='bbox 213 4349 328 4421; x_wconf 85' lang='lat' dir='ltr'>Menipp‘</span> <span class='ocrx_word' id='word_1_332' title='bbox 345 4365 370 4418; x_wconf 92' lang='lat' dir='ltr'>p.</span> <span class='ocrx_word' id='word_1_333' title='bbox 386 4349 418 4401; x_wconf 82' lang='lat'>21</span> <span class='ocrx_word' id='word_1_334' title='bbox 437 4364 495 4418; x_wconf 85' lang='lat' dir='ltr'>sqq.</span> 
     </span>
    </p>
   </div>
   <div class='ocr_carea' id='block_1_5' title="bbox 0 0 1568 4838">
    <p class='ocr_par' dir='ltr' id='par_1_7' title="bbox 0 0 1568 4838">
     <span class='ocr_line' id='line_1_39' title="bbox 0 0 1568 4838; baseline 0 0"><span class='ocrx_word' id='word_1_335' title='bbox 0 0 1568 4838; x_wconf 95' lang='lat' dir='ltr'> </span> 
     </span>
    </p>
   </div>
  </div>
 </body>
</html>
