3120 4838
644 253 652 261 .
727 176 801 257 39..
833 253 838 257 .

87 374 346 463 diiudicemus,
375 394 503 447 nostro
532 377 680 472 quidem
708 375 794 449 loco
823 376 946 448 Caesii
976 376 1078 447 Bassi
1114 396 1153 449 et
1180 376 1280 450 Atilii
1307 404 1390 450 auc-

87 502 275 574 toritatem
304 530 326 573 a
355 503 473 575 hiatio
503 523 542 576 et
583 504 766 575 Diomede
800 505 894 575 vinci
931 506 1162 576 statuendum
1198 506 1281 597 erit3
1309 534 1391 579 nam

88 632 124 701 in
169 630 374 703 universum
417 629 490 702 tale
532 634 619 726 quid
661 633 889 705 contendere
940 658 1012 703 non
1054 633 1147 719 licet,
1177 634 1389 730 priusquam

89 774 229 852 quanta
257 759 388 853 cuique
425 760 656 831 metricorum
693 760 726 830 in
758 761 812 831 his
849 762 957 831 rebus
997 760 1089 831 lides
1124 762 1298 834 habenda
1333 766 1390 847 sit,

88 886 320 974 accuratius,
350 914 462 983 quam
492 888 608 959 adlmc
642 888 777 959 lactum
816 908 892 974 est,
921 889 1127 983 inquiratur.
1185 892 1261 963 Sed
1289 892 1389 986 quod

88 1014 137 1085 ad
180 1030 342 1087 nostram
386 1018 648 1111 quaestionem
691 1017 868 1111 pertinet,
916 1042 997 1087 cum
1039 1018 1200 1111 priorem
1242 1046 1388 1092 versum

89 1142 270 1215 Horatius
298 1146 345 1215 ab
375 1144 519 1216 Alcaeo
548 1162 679 1239 aperte
709 1160 889 1215 mutuatus
917 1163 1034 1221 esset,
1065 1145 1220 1217 Caesius
1249 1147 1387 1219 Bassus

87 1288 129 1341 ut
164 1287 280 1342 totum
318 1290 472 1344 metrum
507 1274 554 1342 ab
591 1297 639 1343 eo
673 1274 825 1367 petitum
855 1300 938 1343 esse
977 1289 1132 1366 putaret,
1169 1273 1273 1345 facile
1310 1276 1388 1347 lieri

87 1416 254 1493 poterat.
310 1400 484 1474 Horatius
527 1402 556 1470 si
595 1426 634 1470 rc
678 1427 764 1472 rera
808 1399 985 1472 Alcaeum
1025 1426 1177 1496 prorsus
1226 1402 1386 1475 imitatus

87 1546 203 1611 esset,
232 1529 263 1600 si
298 1530 516 1600 contrarium
554 1528 689 1599 hiarius
723 1548 762 1601 et
794 1529 1000 1601 Diomedes
1043 1528 1296 1619 affirmassent,
1340 1558 1385 1602 ea

88 1654 239 1749 quidem
267 1681 341 1727 non
369 1655 606 1753 neglegentia
635 1655 692 1728 rel
722 1684 835 1739 error,
866 1659 934 1729 secl
953 1658 1150 1729 manifesta
1166 1658 1262 1729 fraus
1284 1678 1384 1731 esset

86 1808 199 1877 quam
228 1784 312 1855 viris
341 1784 375 1855 in
401 1782 629 1879 explicandis
657 1786 781 1857 metris
814 1811 931 1880 saepe
967 1784 1114 1880 quidem
1149 1786 1184 1857 in
1220 1811 1385 1858 errorem

84 1911 253 1998 inductis
283 1911 473 1985 consultae
502 1913 638 1985 sraudis
668 1939 846 2008 nusquam
876 1913 1049 1984 convictis
1078 1913 1256 2009 imputare
1285 1912 1383 1985 nullo

84 2041 204 2111 modo
234 2040 424 2113 debemus.
490 2040 664 2135 Denique
706 2068 802 2137 quae
840 2041 977 2113 Marius
1016 2042 1286 2114 accuratissime
1321 2070 1381 2115 ex-

83 2168 221 2262 posuit,
251 2186 291 2240 et
317 2169 398 2263 ipsa
427 2194 569 2240 omnem
597 2170 760 2241 veritatis
789 2170 955 2265 speciem
989 2195 1081 2263 prae
1116 2196 1157 2241 se
1192 2170 1310 2241 serunt
1345 2187 1384 2243 et

84 2320 167 2366 cum
197 2295 252 2377 iis,
282 2322 377 2391 quae
404 2297 452 2367 de
480 2295 630 2393 singulis
658 2299 824 2369 versibus
853 2297 959 2369 nobis
989 2297 1078 2391 ipsis
1107 2300 1305 2369 statuenda
1333 2298 1381 2370 vi-

84 2424 281 2512 debantur,
310 2422 501 2520 praeclare
532 2442 746 2519 congruunt.
810 2427 950 2518 Quibus
985 2426 1033 2495 de
1067 2425 1186 2496 causis
1215 2426 1381 2497 omnibus

82 2576 304 2647 persuasum
347 2554 517 2647 equidem
559 2553 693 2635 habe0,
734 2553 805 2625 hoc
847 2572 1001 2625 metrum
1045 2553 1093 2624 ab
1133 2552 1288 2625 Horatio
1331 2553 1381 2626 ita

80 2695 263 2751 novatum
298 2706 395 2770 esse,
431 2698 470 2752 ut
505 2683 657 2752 alterurn
693 2707 838 2752 versum
879 2682 925 2752 ab
968 2678 1191 2751 Archilocho
1228 2677 1381 2753 alterum

81 2805 131 2876 ab
160 2804 309 2876 Alcaeo
336 2821 491 2900 peteret.

191 2928 243 3001 Ut
282 2931 331 3001 ad
365 2930 523 3026 epodica
560 2933 719 3004 carmina
758 2932 976 3030 logaoedica
1012 2959 1185 3031 pergam,
1229 2932 1381 3017 decima,

80 3085 157 3153 qua
186 3057 362 3131 Horatius
390 3084 477 3130 usus
506 3077 564 3133 est
593 3061 725 3145 sorma,
755 3087 885 3133 versus
913 3062 1085 3157 glyconei
1115 3086 1196 3133 cum
1225 3059 1379 3156 asclepi-

79 3187 184 3258 adeo
212 3186 349 3258 minore
378 3187 632 3281 conjunctione
660 3187 719 3261 illa
746 3190 922 3277 formata,
956 3190 1123 3284 saepius,
1163 3215 1272 3283 quam
1301 3189 1380 3260 reli-

80 3339 181 3410 quae
212 3315 389 3386 invenitur
415 3315 448 3385 in
477 3342 508 3389 c.
539 3319 552 3388 Ι
582 3341 613 3409 3.
650 3343 661 3387 ι
673 3341 705 3409 3.
743 3343 798 3407 19.
831 3317 953 3409 galli
982 3341 1016 3405 9.
1051 3339 1106 3408 15.
1144 3341 1199 3405 19.
1232 3342 1288 3407 24.
1322 3338 1380 3409 25.

84 3446 144 3513 28,
172 3440 222 3513 IV
259 3466 286 3512 1.
316 3464 348 3533 3.
378 3442 461 3514 Hoc
491 3460 644 3517 metrum
680 3448 728 3517 ab
758 3445 913 3517 Horatio
941 3445 1126 3516 inventum
1154 3470 1239 3517 esse
1269 3444 1380 3518 tradit

81 3569 208 3643 Diom.
252 3592 414 3662 519,21:
460 3573 593 3644 »tertia
635 3574 708 3645 ode
757 3571 897 3644 dicolos
941 3572 1180 3644 Horatianum
1227 3587 1380 3645 metrum

80 3699 219 3788 habet,
248 3698 347 3770 cuius
374 3700 475 3793 prior
501 3716 593 3772 cet«
630 3699 673 3773 cl.
707 3720 837 3791 522,7;
865 3701 975 3783 idem,
1009 3700 1093 3794 quia
1131 3698 1223 3772 alter
1249 3726 1379 3775 versus

81 3826 340 3924 asclepiadeus
359 3843 428 3916 est,
459 3846 575 3901 totum
595 3845 760 3913 metrum,
791 3845 830 3901 ut
857 3829 969 3900 hodie
1001 3853 1148 3924 quoque
1177 3829 1256 3901 fieri
1272 3828 1378 3909 solet.

81 3953 358 4051 asclepiadeum
396 3973 507 4029 vocat
537 3960 690 4048 μηδ,
721 3976 835 4049 525,7
866 3959 910 4030 al.
967 3956 1142 4028 Diomedi
1169 3983 1258 4029 vero
1287 3983 1377 4052 quo-

80 4083 197 4155 minus
240 4084 352 4155 fidem
393 4084 595 4156 habeamus
638 4083 721 4156 nihil
762 4087 897 4157 obstat.
967 4084 1099 4179 Neque
1143 4084 1377 4175 Diomedem,

80 4210 175 4283 sicut
202 4212 251 4282 de
271 4210 449 4305 strophae
468 4211 685 4307 Sapphicae
713 4214 862 4285 nomine
881 4236 994 4305 supra
1020 4212 1125 4283 nobis
1144 4214 1378 4287 statuendum

81 4355 170 4423 erat,
199 4338 360 4410 fortasse
399 4364 477 4412 non
514 4340 561 4411 ab
591 4339 746 4411 Horatio
784 4342 856 4413 hoc
892 4354 1044 4411 metrum
1071 4341 1275 4427 inventum,
1309 4342 1379 4413 sed

80 4481 219 4539 tantum
261 4467 409 4561 saepius
440 4470 476 4540 in
515 4492 617 4538 usmn
657 4488 828 4541 vocatum
866 4492 951 4541 esse
987 4467 1053 4539 sibi
1095 4465 1259 4542 voluisse
1295 4470 1384 4540 mihi
