3120 4838
194 408 412 464 concertans
441 393 565 465 effecit
583 395 777 467 Forsterus
797 400 834 490 ¹),
863 397 924 490 qui
953 396 986 467 in
1014 392 1095 465 solo
1123 393 1200 464 fere
1231 393 1393 464 carmine
1414 393 1489 464 IV8

195 520 323 605 nititur,
358 521 457 593 cuius
494 525 757 596 commentatio
795 525 865 596 iam
900 522 1138 595 obsolefacta
1167 538 1224 593 est
1254 522 1491 594 Haeussneri

192 647 263 738 illa,
292 676 402 745 quam
432 676 542 747 supra
570 649 728 723 laudavi.
770 653 845 724 lam
878 651 1035 723 refutare
1063 649 1236 721 Meinekii
1264 649 1491 722 sententiam

191 793 344 850 conatus
388 778 633 870 Hanowius2)
682 806 703 850 e
750 776 924 874 strophae
971 779 1181 874 Sapphicae
1223 778 1491 850 observatione

192 908 283 977 hanc
325 904 449 1002 legem
491 907 629 979 statuit:
672 910 846 1002 strophas
880 908 930 978 ita
964 907 1112 978 formari
1150 932 1222 978 non
1257 907 1412 990 debere,
1450 925 1492 978 ut

192 1034 375 1106 sententia
404 1061 449 1105 ex
479 1061 548 1106 una
575 1036 608 1106 in
639 1038 791 1108 aiteram
820 1038 999 1108 invadens
1030 1037 1184 1130 primum
1212 1036 1317 1107 huius
1337 1063 1490 1108 versum

192 1179 307 1234 totum
336 1161 395 1235 vel
423 1165 575 1258 primum
605 1181 642 1236 et
671 1167 874 1236 secundum
901 1162 961 1235 vel
981 1180 1056 1235 tres
1076 1164 1214 1259 primos
1233 1190 1363 1236 versus
1383 1182 1492 1237 totos

191 1316 280 1362 suae
322 1291 453 1363 dicioni
494 1292 753 1389 subjungeret,
807 1293 875 1364 sed
927 1308 1065 1363 tantum
1101 1290 1227 1379 licere,
1273 1309 1310 1364 ut
1351 1293 1490 1365 horum

190 1444 359 1490 versuum
409 1437 553 1514 partem
603 1440 822 1516 occuparet3
869 1445 964 1515 quae
1006 1418 1065 1490 lex
1108 1445 1188 1491 cum
1229 1421 1264 1490 in
1309 1421 1491 1494 hieinekii

191 1547 353 1642 strophis
382 1546 653 1643 neglegeretur‚
682 1550 750 1620 has
779 1548 954 1644 strophas
983 1573 1055 1618 non
1078 1574 1173 1619 esse.
1216 1549 1294 1620 Sed
1315 1548 1492 1621 Hanowii

191 1675 353 1748 rationes
387 1673 504 1748 futiles
547 1702 645 1765 esse,
683 1674 889 1770 Weihius³)
923 1677 1196 1747 demonstravit.
1263 1673 1347 1747 Alia
1393 1703 1489 1749 vero

192 1827 264 1873 non
301 1829 420 1897 pauca
454 1804 539 1876 mihi
567 1821 697 1876 contra
725 1803 946 1875 Meinekium
975 1804 1132 1897 proferri
1160 1829 1273 1898 posse
1301 1804 1485 1879 videntur.

299 1929 424 2025 Atque
451 1931 756 2026 proficiscendum
783 1948 842 2004 est
869 1958 890 2003 a
916 1947 1081 2003 veterum
1109 1931 1338 2003 auctoritate.
1398 1933 1487 2025 Quo

189 2058 225 2130 in
252 2083 394 2152 genere
423 2075 574 2155 praeter
602 2075 729 2132 cetera
757 2058 901 2131 scholiis
927 2059 1088 2130 metricis
1117 2084 1353 2155 occupamur,
1386 2087 1486 2156 quae

189 2185 223 2257 in
252 2185 442 2260 codicibus
464 2187 604 2259 Horatii
625 2213 692 2283 per
711 2185 932 2284 singulorum
953 2187 1147 2259 carminum
1167 2189 1487 2283 praescriptiones

189 2312 247 2385 vel
283 2315 570 2411 subscriptiones
605 2340 699 2387 nunc
737 2315 907 2411 dispersa
943 2315 1031 2387 miro
1077 2340 1257 2387 consensu
1292 2315 1488 2389 Meinekio

191 2442 361 2516 officiunt.
419 2443 513 2515 Nam
555 2444 590 2515 in
624 2441 690 2515 illis
728 2471 774 2516 ea
816 2443 992 2526 carmina,
1027 2468 1122 2538 quae
1159 2468 1230 2514 uno
1269 2443 1488 2540 eodemque

189 2586 306 2643 metro
344 2571 614 2660 continuantur,
653 2572 860 2666 μονόκωλα,
901 2596 996 2666 quae
1025 2572 1117 2644 binis
1146 2572 1312 2644 versibus
1340 2573 1489 2668 scripta

189 2716 288 2785 sunt,
328 2701 476 2782 trinta,
510 2698 669 2795 denique
703 2727 799 2797 quae
835 2716 925 2795 post
958 2699 1161 2771 secundum
1200 2725 1387 2795 quemque
1426 2703 1489 2774 vel

189 2827 333 2899 tertium
362 2852 506 2899 versum
535 2826 625 2901 alios
652 2825 712 2901 vel
739 2829 844 2900 alium
870 2828 1025 2915 habent,
1056 2828 1262 2922 τετράκωλα
1290 2829 1488 2901 nominan-

188 2968 255 3028 tur.
302 2955 349 3025 Et
377 2980 599 3050 quamquam
618 2958 769 3052 proprie
789 2956 859 3028 hoc
882 2954 968 3028 loco
988 2956 1036 3027 ad
1055 2982 1132 3027 rem
1152 2971 1312 3027 nostram
1341 2971 1490 3030 tantum

189 3108 235 3154 ea
275 3084 415 3154 scholia
456 3099 645 3178 spectant,
691 3110 787 3179 quae
830 3086 878 3156 de
920 3083 1138 3157 carminibus
1180 3082 1343 3156 distichis
1384 3101 1487 3176 sunt,

97 3264 100 3271 .
187 3225 309 3280 tamen
350 3211 471 3283 omnia
511 3211 547 3283 in
588 3238 660 3284 uno
696 3228 897 3308 conspectu
932 3237 1075 3307 ponere
1105 3212 1222 3307 juvat:
1267 3209 1395 3304 Atque
1436 3215 1488 3286 de

187 3336 403 3409 carminibus
434 3339 594 3412 distichis
623 3341 714 3414 haec
743 3357 844 3413 sunt·

373 3473 386 3544 Ι
431 3498 464 3565 3.
494 3476 781 3570 prosphonetice
811 3474 952 3549 dicolos
980 3476 1032 3547 Fi

426 3623 462 3691 4.
492 3604 702 3696 paranetice
732 3602 873 3677 dicolos
900 3605 952 3675 Fr
977 3603 1026 3676 id.
1054 3604 1068 3675 Ι
1100 3621 1132 3692 7.

428 3731 462 3802 8.
494 3706 632 3803 erotice
662 3728 807 3804 dicolos
836 3731 910 3825 Fyt
935 3731 981 3803 id.
1010 3731 1024 3802 1
1059 3755 1113 3822 13.

406 3881 462 3945 19.
493 3857 631 3930 erotice
661 3859 805 3932 dicolos
833 3860 894 3931 Fi.

332 3981 382 4054 IV
431 4007 459 4059 1.
492 3983 613 4058 eutice
641 3986 782 4059 erotice
810 3985 952 4059 dicolos
981 3986 1106 4079 Assiy;

187 4109 236 4180 de
265 4109 481 4182 carminibus
510 4114 750 4186 monostichis
780 4115 874 4187 haec
904 4131 1000 4189 sunt:

297 4303 315 4372 ¹)
336 4306 442 4368 Forster,
463 4307 644 4368 Quaestionum
663 4311 725 4362 Hor.
747 4312 869 4376 particula
887 4311 971 4361 altera.
1011 4312 1095 4376 Progr.
1115 4311 1199 4358 Briinn
1222 4305 1296 4369 1870.

293 4394 313 4465 ²)
334 4398 440 4461 Hanow,
460 4399 699 4452 commentariolum
721 4404 896 4452 Horatianum.
933 4403 1020 4469 Progr.
1039 4403 1169 4452 zullichau
1191 4398 1267 4449 1866.

294 4486 314 4556 ³)
333 4490 437 4554 Weyhe,
463 4490 656 4561 Bemerkungen
685 4494 746 4546 uber
770 4494 825 4546 Bau
850 4492 903 4545 und
922 4491 1059 4547 charakter
1084 4492 1127 4545 der
1153 4493 1215 4544 Hor.
1237 4490 1355 4558 strophe.
1396 4495 1486 4564 Progr.

200 4579 350 4632 'uberstadt
371 4579 446 4644 1870.
