3120 4838
708 159 931 231 ...¹28AE

318 334 437 426 Itaque
460 344 662 427 praepositio
686 344 794 408 locum
818 365 881 409 non
906 343 1047 423 obtinet,
1072 344 1135 405 nisi
1159 343 1198 407 de
1221 337 1401 427 majoribus

227 430 326 493 verba
349 426 449 512 fiunt}
481 453 565 515 quae
588 453 702 496 norma
726 453 790 496 non
814 433 917 495 solum
942 432 983 495 ad
1007 431 1108 494 verba
1130 429 1224 495 finita
1248 434 1398 514 pertinet,

228 519 284 582 sed
308 520 407 584 etiam
425 522 457 584 in
474 521 657 603 participiis
674 543 800 603 semper
816 528 973 600 servatur,
999 541 1196 601 quamquam
1214 521 1253 583 iis
1270 520 1400 602 quidem

227 607 268 671 ab
293 609 442 674 omnibus
467 609 533 673 fere
557 610 771 693 scriptoribus
795 610 900 672 nudus
925 609 1086 672 ablativus
1104 610 1224 690 apponi
1246 609 1338 674 solet.
1356 648 1399 656 —

226 695 276 760 At
299 698 387 780 apud
411 699 455 763 H.
481 699 643 762 ablativus
672 699 758 762 nude
792 699 919 781 positus
955 699 1061 761 locum
1096 697 1238 777 obtinet,
1276 705 1307 760 et
1343 697 1398 760 ubi

227 786 356 850 omnino
380 787 420 851 de
443 787 621 870 majoribus
646 793 677 850 et
702 787 758 850 ubi
782 787 822 850 (le
844 786 1037 869 parentibus
1060 786 1162 849 verba
1186 785 1276 850 fiunt.

315 873 407 958 Quae
430 876 491 955 lex,
518 876 596 958 quia
620 876 699 938 satis
724 897 741 939 c
764 876 843 939 locis
867 876 962 939 modo
980 877 1180 940 enumeratis
1196 877 1308 957 liquet,
1334 897 1398 939 non
1461 951 1465 959 ‚

223 964 292 1047 jam
316 964 441 1044 dubito,
467 966 546 1046 quin
569 985 632 1028 uno
658 965 803 1047 exemplo
827 964 974 1046 neglecta
997 987 1061 1028 non
1086 966 1145 1043 sit,
1177 965 1287 1046 itaque
1311 965 1398 1046 quod

225 1054 347 1136 legitur
371 1053 404 1119 S.
429 1055 448 1118 Ι
472 1059 522 1139 6„
554 1054 587 1117 in
617 1053 782 1116 nonnullis
811 1054 977 1117 codicibus
1001 1055 1056 1137 (cl.
1082 1076 1156 1117 ann.
1182 1055 1253 1120 crit.
1280 1053 1396 1135 Keil),

226 1143 334 1223 magni
353 1196 360 1208 .
379 1193 385 1206 .
401 1197 407 1209 .
426 1144 519 1225 pueri
542 1143 669 1224 magnis
693 1165 707 1204 e
732 1143 974 1207 centurionibus
998 1144 1074 1208 orti‘
1100 1148 1188 1206 certe
1212 1142 1398 1225 corruptela

227 1237 293 1311 est;
319 1254 418 1313 quam
434 1237 620 1312 statuerem,
646 1231 773 1294 etiamsi
790 1232 929 1313 genuina
946 1238 999 1313 ,et‘
1024 1254 1082 1315 pro
1108 1237 1145 1311 ,e‘
1171 1232 1243 1294 aliis
1261 1232 1294 1294 in
1311 1231 1397 1294 codi-

227 1320 319 1384 cibus
343 1358 386 1366 -
409 1342 512 1403 neque
536 1321 576 1383 iis
600 1320 711 1402 pravis
734 1358 778 1367 —
803 1327 931 1384 servata
954 1343 1019 1386 non
1043 1327 1136 1384 esset.
1169 1321 1331 1402 („n1agnis
1366 1326 1398 1383 et

227 1409 470 1473 centurionibus
494 1410 579 1472 orti“
617 1430 674 1492 per
710 1409 922 1474 inversionem
957 1410 1080 1474 dictum
1104 1430 1162 1492 pro
1197 1415 1249 1489 „et
1272 1410 1397 1491 magnis

227 1504 310 1562 cent.
336 1496 448 1584 orti“).

773 1645 846 1724 §a

318 1763 453 1830 Summa
477 1765 579 1849 igitur
602 1766 704 1830 totius
729 1765 837 1830 adhuc
860 1767 1140 1831 commentationis
1163 1766 1244 1828 haec
1268 1770 1329 1828 cst:

313 1852 408 1918 Duae
444 1856 573 1920 omnino
610 1855 697 1942 apud
721 1855 900 1920 Horatium
936 1855 1075 1920 discerni
1112 1860 1248 1938 possunt
1276 1854 1394 1916 classes

228 1942 399 2006 verborum
422 1965 494 2008 cum
518 1965 564 2025 ,a,
598 1944 651 2024 de,
682 1949 730 2007 611ί
759 1966 893 2028 praepp.
928 1947 1193 2027 compositorum:
1234 1944 1396 2025 primum

227 2053 265 2094 ea
289 2032 394 2111 verba,
421 2054 556 2116 quorum
582 2040 690 2117 partes
711 2033 779 2116 jam
800 2042 874 2098 ante
887 2035 1087 2117 optimorum
1105 2034 1299 2116 scriptorum
1315 2038 1396 2095 tem-

225 2142 306 2203 pora
335 2121 497 2186 artissime
525 2123 715 2187 coaluerunt
746 2129 778 2186 et
805 2128 979 2206 propterea
1007 2123 1094 2205 quod
1124 2144 1188 2186 non
1215 2122 1282 2204 jam
1313 2142 1396 2185 com·

225 2211 333 2290 posita
357 2231 395 2273 ea
419 2231 488 2274 esse
511 2212 723 2292 sentiebatur,
745 2211 972 2295 jam'antiquis
996 2212 1198 2295 temporibus
1223 2216 1388 2274 construc-

227 2299 349 2363 tionem
379 2297 508 2364 firmam
529 2297 700 2383 ¹quandam
728 2322 766 2364 ac
789 2308 991 2366 constantem
1015 2306 1224 2384 acceperunt;
1259 2321 1395 2381 quorum

226 2388 348 2470 species
371 2389 493 2454 altera:

375 2478 548 2543 dativum
573 2479 742 2544 adsciscit:

438 2593 468 2632 α.
516 2567 693 2651 defendo,

413 2683 442 2687 ·’
521 2657 634 2738 demo,

432 2750 461 2828 β.
520 2748 658 2827 exime,
684 2747 827 2829 desum,
853 2746 1022 2831 eripio¹),

519 2836 654 2900 adimo.

313 2923 418 2987 altera
442 2923 656 2989 ablativum
679 2925 801 2990 nudum
825 2924 1003 2990 desiderat:
1027 2923 1215 2987 abstineo

316 3011 455 3076 deinde
479 3013 545 3077 alia
568 3016 676 3078 omnia
699 3037 781 3098 quae
804 3015 867 3079 huc
890 3013 1037 3077 incidunt
1060 3011 1169 3091 verba,
1195 3008 1315 3093 triplex
1337 3007 1393 3071 ad-

229 3099 394 3164 mittentia
416 3102 578 3183 regimen:
603 3109 837 3167 construuntur
865 3104 948 3167 enim

316 3191 348 3274 1)
372 3214 439 3252 eum
462 3193 582 3254 clerieo:
618 3192 766 3256 sedtum
789 3192 899 3274 mode,
932 3207 1004 3255 cum
1035 3190 1075 3254 de
1106 3191 1250 3273 personis
1282 3187 1332 3251 vel
1356 3187 1395 3250 de

225 3277 322 3342 rebus
345 3300 559 3361 personarum
583 3281 654 3344 loco
678 3284 845 3365 usurpatis
868 3287 974 3345 motus
998 3279 1045 3343 fit.

231 3443 233 3446 ¹
314 3368 347 3450 2)
372 3392 438 3429 earn
461 3369 569 3435 oblat:
605 3371 661 3434 sed
685 3392 722 3434 ea
746 3371 940 3449 conditione,
965 3375 1002 3433 ut
1026 3390 1110 3451 quae
1134 3368 1217 3431 inest
1240 3368 1273 3431 in
1297 3367 1394 3430 verbo

224 3456 282 3536 vis,
307 3457 424 3521 adres
448 3463 581 3540 spectet.

313 3547 347 3630 3)
371 3565 436 3608 eam
447 3570 575 3630 praep:
591 3547 642 3612 vel
658 3547 770 3612 eadem
786 3549 835 3612 vel
852 3549 960 3630 simili,
978 3547 1114 3612 sednon
1131 3547 1227 3610 aliter
1243 3550 1342 3627 atque
1359 3550 1395 3607 ut

313 3642 371 3699 aut
395 3660 424 3699 α.
450 3637 596 3721 personis

313 3731 371 3788 aut
394 3729 422 3807 β.
447 3725 544 3789 rebus
569 3727 714 3790 sensibus
739 3726 893 3808 subjectis

225 3811 386 3891 addatur;
423 3814 511 3896 quod
546 3823 660 3880 contra
695 3815 807 3895 rebus,
846 3836 931 3897 quae
958 3813 1018 3878 sub
1043 3813 1152 3876 oculos
1176 3833 1239 3875 non
1263 3812 1391 3892 cadunt,

223 3902 426 3986 praepositio
450 3924 514 3966 non
539 3904 739 3987 adjungitur.
1031 3975 1033 3981 Ι

311 3989 533 4055 [1116616116
558 3992 613 4056 Ia:
638 4015 702 4058 non
726 3993 773 4055 ita
796 3992 908 4055 multis
930 3993 1007 4056 locis
1024 3992 1232 4056 inveniuntur
1248 3991 1394 4073 exempla

225 4079 400 4143 archaismi
425 4081 606 4163 cujusdam,
637 4082 695 4145 ubi
723 4081 864 4162 genetivi
887 4103 960 4145 cum
984 4081 1108 4144 talibus
1131 4080 1239 4144 verbis
1263 4080 1394 4163 conjun-

224 4173 359 4250 guntur,
393 4191 477 4250 quac
500 4171 533 4234 in
556 4171 700 4256 pedestri
724 4191 868 4234 sermone
892 4169 1071 4234 ablativum
1098 4170 1147 4233 vel
1175 4169 1394 4233 accusativum

317 4368 338 4437 ¹)
358 4365 459 4425 eodem
478 4365 562 4419 modo
583 4365 722 4436 ,surripio‘
743 4368 845 4418 constr.
866 4365 900 4419 ef.
921 4365 937 4437 ξ
958 4369 999 4419 10.
