3120 4838
528 145 750 211 ..42-

43 382 45 387 .
136 320 256 388 Altera
292 323 490 388 constructio
519 345 557 388 ea
585 330 649 406 est,
683 329 720 389 ut
748 324 885 390 iteretur
912 326 1130 408 praepositio,
1161 333 1219 391 aut

49 412 173 493 eadem,
200 433 339 494 quacum
362 413 469 495 ipsum
492 413 626 477 verbnm
655 414 871 495 compositum
899 422 960 495 est,
985 420 1043 479 aut
1067 416 1141 493 alia,
1167 417 1219 480 cui

48 501 162 566 similis
185 501 333 585 subjecta
355 507 404 565 est
426 501 560 586 notio.¹)
614 499 710 586 Quod
733 501 784 582 fit,
808 509 846 567 ut
869 504 932 568 loci
956 505 1004 567 vis
1026 525 1113 568 mere
1137 503 1218 568 dilu-

47 590 194 672 cideque*
216 589 429 673 significetur,
471 591 521 654 vel
544 591 601 655 ubi
630 612 650 655 a
673 591 831 673 primaria
854 591 1092 675 significatione
1115 614 1216 658 reces-

48 701 120 743 sum
144 685 193 743 est
217 679 404 745 accuratius
427 679 567 760 dicatur,
593 701 677 762 quae
712 680 892 745 intercedat
919 682 1104 764 conjunctio
1118 703 1220 763 quove

47 769 142 831 ratio·
161 768 250 832 verbi
281 772 404 850 spectet
432 775 465 832 et
487 769 666 850 pertineat:
695 768 840 848 ,accedes
870 770 974 835 siccus
998 769 1041 833 ad
1063 776 1217 851 unotum‘,

47 855 175 936 ,leniter
197 858 230 920 in
254 861 343 940 spem
366 857 507 940 adrepe!
973 923 978 935 ,

138 945 263 1026 Tertia,
289 967 372 1028 quae
395 946 572 1020 invenitur,
602 946 801 1010 constructio
825 952 968 1011 tractata
992 952 1040 1012 est
1063 948 1107 1031 hj.
1134 969 1218 1012 com-

46 1039 143 1099 ment.
170 1042 264 1117 parte
286 1034 357 1098 ΠΙ.

137 1121 187 1188 At
211 1125 238 1187 si
254 1123 437 1188 universam
454 1129 639 1206 spectamus
663 1124 796 1207 linguae
808 1124 931 1201 latinae
943 1125 1216 1205 consuetudinem,

47 1212 224 1294 paullatim
247 1213 409 1276 variatam
433 1219 466 1276 et
489 1218 721 1278 commutatam
744 1234 815 1277 eam
838 1234 907 1277 esse
941 1213 1036 1278 facile
1059 1222 1216 1296 apparet;

47 1320 187 1382 namque
214 1301 415 1382 antiquiores
440 1302 616 1384 scriptores
640 1324 712 1366 cum
744 1303 998 1384 compositorum
1026 1309 1136 1386 partes
1159 1325 1219 1386 pro

48 1410 81 1453 se
104 1411 267 1472 quamque
290 1390 457 1471 sentirent,
482 1390 738 1473 praepositiones
751 1391 870 1455 iterare
883 1391 1123 1473 praeferebant3
1149 1413 1216 1455 eas·

49 1475 121 1542 dem
157 1479 271 1561 optimi
305 1479 523 1561 posteriorum
547 1485 730 1561 temporum
761 1479 903 1562 prosaici
930 1482 1116 1563 scriptores,
1146 1502 1219 1545 cum

48 1568 206 1649 imprimis
239 1567 455 1633 subtilitatem
487 1568 661 1633 locutionis
693 1576 792 1650 atque
820 1568 1024 1651 diligentiam
1050 1571 1219 1652 perseque-

48 1662 175 1738 rentur,
200 1657 390 1739 plerumque
413 1680 477 1722 non
500 1656 712 1740 respuebant3
736 1663 851 1739 poetae
875 1657 1004 1722 demum
1028 1659 1140 1739 etqui
1164 1679 1218 1721 eos

47 1745 150 1808 secuti
184 1752 260 1810 sunt
294 1745 422 1811 solutae
456 1746 614 1811 orationis
649 1747 838 1829 scriptores,
871 1767 1011 1828 quorum
1039 1746 1072 1810 in
1100 1746 1216 1811 animis

47 1835 291 1916 compositionis
321 1840 431 1917 partes
451 1836 519 1919 jam
542 1835 666 1899 arctius
690 1856 729 1899 ac
752 1835 993 1917 quodammodo
1018 1836 1216 1917 inseparabi-

47 1922 126 1987 lius*
145 1924 398 2004 concrevissent,
436 1946 507 1988 eam
537 1924 811 1988 constructionem
842 1945 942 2006 quam
972 1946 1089 2007 novam
1115 1925 1214 2007 signi·

46 2011 208 2076 ficatiouis
231 2020 384 2076 naturam
408 2014 529 2096 optime
553 2012 665 2076 decere
688 2018 851 2095 putarent,
877 2013 896 2076 i.
915 2034 941 2077 e.
959 2014 1105 2077 dativum
1125 2034 1218 2077 usur·

46 2121 126 2181 pare
149 2099 392 2186 adamabaut.²)

137 2187 229 2254 Idem
264 2191 297 2254 in
331 2191 377 2256 H.
412 2193 575 2274 pertinere
610 2191 731 2273 optime
766 2190 1010 2257 demonstratur
1045 2197 1218 2273 conspectu

48 2278 118 2359 boc,
145 2280 320 2343 secundum
344 2280 530 2345 litterarum
553 2281 669 2344 seriem
692 2279 865 2362 disposito,
891 2303 986 2363 quem
1009 2282 1056 2344 ita
1079 2280 1218 2351 institui,

48 2375 85 2431 ut
108 2369 263 2450 numeris,
289 2390 507 2453 quamsaepe
532 2369 663 2453 singula
685 2368 783 2432 verba
807 2375 865 2434 aut
889 2369 1018 2434 dativus
1043 2375 1100 2432 aut
1123 2389 1216 2455 prae-

46 2458 166 2539 positio
190 2462 356 2540 sequatur,
381 2457 536 2524 indicem:

228 2602 334 2686 lepitur
367 2603 429 2667 clar.
461 2624 570 2686 praep.
843 2601 949 2684 lepitur
983 2602 1045 2666 (lot.
1081 2621 1187 2684 praep.

46 2689 163 2753 accedo
389 2695 408 2755 6
473 2697 491 2755 2
517 2689 590 2777 (ad)
660 2689 766 2753 adicio
1002 2694 1023 2754 4
1079 2697 1083 2706 '

46 2799 196 2843 accresco
389 2786 405 2844 1
659 2778 812 2863 adjudico

45 2867 167 2932 accubo
391 2872 407 2930 1
660 2867 804 2950 adjungo

46 2956 132 3020 addo
367 2961 408 3022 19
658 2955 816 3020 adlaboro
924 2969 929 2975 ’

1006 2783 1022 2842 1

1003 2873 1023 2933 2

1005 2963 1021 3022 1

45 3045 163 3110 addico
391 3050 407 3109 1
659 3045 770 3110 adlino
1005 3054 1021 3113 1

46 3134 173 3199 adduco
424 3130 425 3133 '
659 3133 798 3199 admitto
1007 3143 1022 3200 1

45 3223 159 3287 adfero
391 3228 408 3287 1
659 3223 815 3288 admoveo
1004 3231 1022 3289 3

47 3312 156 3394 adligo
390 3317 408 3376 3
660 3312 769 3376 adnuo
1002 3320 1022 3379 2

47 3400 133 3464 adflo
392 3406 408 3465 1
660 3400 802 3483 adpiugo
1005 3408 1021 3466 1

46 3489 201 3572 adfulgeo
393 3496 409 3553 1
660 3489 789 3571 adplico
1001 3497 1022 3556 2

45 3578 206 3643 adhaereo
390 3584 409 3642 3
642 3593 644 3598 ’
660 3578 789 3660 adpouo
1003 3584 1021 3642 3

46 3667 185 3732 adhibeo
389 3673 410 3734 2
659 3667 781 3750 adrepo
1086 3671 1102 3730 1
1133 3668 1194 3752 (in)

138 3845 159 3912 ¹)
179 3844 213 3897 cf.
233 3843 350 3898 Lehm.
370 3861 417 3913 pg.
437 3847 500 3899 811.
520 3847 549 3910 33
575 3841 639 3911 Ign.
659 3859 706 3911 pg.
729 3846 791 3904 134,
816 3846 881 3908 352;
905 3842 961 3894 alia
981 3845 1024 3893 est
1042 3858 1086 3892 res
1105 3841 1135 3891 in
1154 3858 1215 3893 ver·

45 3915 146 3968 nacula
164 3915 276 3985 lingua,
305 3916 354 3968 ubi
372 3919 488 3983 praeter
505 3918 597 3968 certas
616 3913 767 3966 nonnullas
786 3913 944 3966 locutiones
963 3928 1100 3978 semper
1118 3928 1214 3978 praep.

46 3991 95 4039 aut
123 3987 221 4040 eadem
249 3988 386 4050 iteratur,
407 3990 466 4038 ‘aut
493 3985 606 4049 similis,
635 4002 691 4052 qua
715 3984 876 4036 distinctius
902 3983 1078 4050 exprimatur
1096 3981 1216 4033 actionis

9 4079 11 4083 ·
46 4059 137 4121 ratio,
162 4059 344 4126 supponitur:
378 4057 555 4125 „eingiessen
582 4057 612 4108 in
640 4056 694 4108 den
723 4054 816 4123 topf·‘;
850 4053 1038 4120 „anspringeu
1058 4068 1150 4118 gagen
1170 4052 1216 4105 die

46 4133 174 4193 mauer“,
204 4129 253 4181 ubi
272 4128 386 4181 dativus
404 4145 548 4195 nunquam
568 4127 662 4179 locum
682 4125 806 4178 obtinet:
836 4125 884 4191 qui
903 4139 1015 4189 semper
1033 4122 1217 4189 postponitur

47 4201 134 4253 verbo
155 4199 320 4263 ,einfldsssn‘
341 4198 404 4251 aliis
422 4199 528 4267 paucis.

136 4270 159 4338 9)
179 4271 214 4324 ci.
234 4268 371 4333 Keller,
396 4269 440 4333 ‚de
464 4270 542 4323 verb.
568 4286 591 4322 o.
615 4284 732 4337 praepp.
758 4263 982 4333 compositorum
1005 4261 1082 4330 opud
1100 4259 1216 4320 Lucret.

46 4350 106 4407 11111ί
128 4341 206 4413 (diss.
226 4338 655 4412 111111ς.Η111.8111.1880)ρς.
675 4341 691 4394 6
711 4338 780 4398 coll.
799 4335 842 4402 iis,
862 4349 931 4406 quos
952 4331 1003 4387 sub
1023 4336 1106 4387 textu
1124 4333 1217 4390 affert.
