3120 4838
746 170 954 307 A

200 419 456 495 Alexandrinis
496 421 635 516 petitos
684 422 812 495 litteris
868 421 1008 494 Latinis
1054 416 1255 492 intulerunt.
1343 419 1507 493 Haecce

200 565 323 622 autem
359 573 406 621 ea
441 564 524 621 sunt
560 564 690 635 metra,
726 575 823 645 quae
860 549 1010 644 saepius
1045 549 1145 645 apud
1181 547 1364 621 Catullum
1399 546 1506 619 inve·

198 677 348 749 niuntur.
412 677 459 750 Et
486 702 507 748 e
535 674 683 773 reliquis
721 702 1019 773 quoqueversus
1038 673 1267 771 galliambus‚
1292 674 1354 772 qui
1376 674 1507 747 vocari

200 801 298 877 solet
327 803 422 895 (Cat.
451 830 480 876 c,
511 808 591 901 63),
618 803 947 880 Alexandrinorum
974 802 1143 901 proprius
1170 817 1262 874 erat.

305 930 413 1025 Quae
451 934 571 1008 omnia
613 935 645 1007 si
690 930 961 1030 contempleris,
1000 931 1077 1004 lere
1118 927 1214 1003 nulla
1267 926 1499 1000 videbuntur

199 1085 256 1141 ea,
272 1085 367 1155 quae
387 1061 629 1135 veterioribus
648 1061 771 1157 poetis
790 1058 910 1156 lyricis
926 1061 1155 1134 Graecorum
1171 1053 1333 1130 Catullus
1358 1079 1499 1152 accep·

198 1204 237 1260 ta
264 1188 384 1260 refert.
420 1187 516 1261 Nam
545 1190 767 1286 Sapphicam
795 1187 944 1285 quidem
973 1186 1164 1282 stropham
1199 1184 1354 1279 Sappho
1389 1200 1500 1259 certe

198 1315 330 1407 debet,
359 1314 479 1389 eidem
508 1334 625 1392 utrum
653 1334 808 1390 metrum
837 1316 1113 1412 asclepiadeum
1148 1314 1297 1399 debeat,
1336 1338 1386 1384 an
1423 1312 1503 1385 h'oc

197 1469 349 1540 quoque
392 1446 438 1516 ab
481 1443 738 1519 Alexandrinis
781 1446 977 1542 acceperit,
1028 1442 1177 1515 dubium
1227 1467 1311 1513 esse
1353 1456 1499 1536 potest.

196 1569 342 1643 Deinde
371 1597 514 1645 versum
542 1573 729 1669 priapeum
757 1570 920 1646 Catullus
947 1582 994 1658 (c.
1030 1574 1087 1666 ¹7)
1120 1597 1141 1642 e
1168 1568 1322 1664 Sappho
1348 1567 1411 1641 vel
1452 1595 1502 1641 ex

200 1698 441 1772 Anacreonte
470 1701 702 1796 expressisse
728 1698 884 1782 videtur;
914 1723 997 1770 nam
1030 1712 1148 1770 utrum
1182 1696 1302 1792 potius
1338 1712 1495 1770 secutus

197 1826 252 1914 sit,
280 1850 351 1899 non
371 1825 494 1923 liquet
529 1827 781 1902 Confidentius
800 1825 1049 1899 Anacreontis
1063 1824 1215 1898 imitatio
1234 1823 1345 1896 statui
1366 1840 1500 1920 potest

195 1953 230 2025 in
257 1977 288 2024 c.
317 1959 444 2046 3461,
475 1981 569 2051 quae
599 1982 621 2028 e
649 1953 839 2051 glyconeis
867 1971 907 2026 et
940 1954 1195 2050 pherecrateis
1231 1978 1301 2048 per
1346 1968 1497 2048 quater·

198 2105 323 2153 norum
350 2080 408 2154 vel
437 2082 626 2179 quinorum
654 2108 827 2155 versuum
844 2083 1015 2177 strophas
1035 2081 1263 2153 conformata
1288 2096 1386 2167 sunt,
1409 2077 1500 2155 coll.

197 2206 334 2282 Anacr.
365 2210 406 2283 sr.
442 2230 550 2302 1-7,
581 2213 613 2284 8.
649 2235 705 2301 14·
761 2213 897 2284 Verum
923 2210 1029 2297 haec,
1065 2224 1103 2281 ut
1135 2209 1217 2290 dixi,
1254 2233 1376 2303 pauca
1413 2226 1499 2282 sunt

197 2350 236 2407 et
271 2337 550 2432 comparatione
591 2339 742 2412 aliorum
786 2338 863 2411 sere
910 2353 1146 2410 evanescunt.
1220 2334 1316 2407 Nam
1358 2336 1499 2409 relictis

199 2480 372 2558 quattuor
408 2467 626 2540 carminibus
666 2467 839 2551 iambicis
875 2466 923 2539 de
966 2465 1096 2561 quibus
1136 2489 1246 2559 supra
1293 2462 1495 2559 disputavi.

202 2606 338 2665 tantum
368 2598 391 2664 6
420 2597 472 2692 (5)
503 2595 700 2667 carminum
728 2610 847 2668 metra
876 2621 899 2667 a
917 2592 1161 2666 veterioribus
1180 2591 1301 2686 lyricis
1322 2589 1497 2678 Graecis,

210 2726 278 2793 106
320 2721 429 2824 (107)
467 2723 515 2795 ab
553 2720 809 2797 Alexandrinis
843 2696 1007 2796 Catullus
1047 2718 1247 2793 imitatione
1293 2719 1496 2815 expressit.

204 2846 376 2944 Denique
418 2846 570 2922 aliorum
611 2869 805 2946 poetarum
840 2869 1006 2925 veterum
1047 2864 1199 2944 praeter
1238 2846 1417 2942 Sapphus
1460 2864 1499 2921 et

202 2973 448 3049 Anacreontis
473 2979 630 3075 vestigia
656 2980 755 3077 apud
783 3005 865 3051 eum
894 3004 968 3051 non
997 2975 1233 3074 reperiuntur.

306 3102 373 3175 Cui
392 3105 522 3177 rationi
540 3104 649 3201 plane
665 3105 885 3178 contrariam
905 3101 1079 3176 Horatius
1098 3118 1244 3176 secutus
1262 3117 1329 3174 est.
1353 3101 1494 3195 Quam·

202 3253 309 3323 quam
339 3232 431 3304 enim
460 3233 493 3305 in
521 3258 582 3329 ep.
615 3240 659 3306 16
688 3249 726 3307 et
753 3234 789 3305 in
816 3259 862 3306 ea
880 3230 1085 3304 hexametri
1112 3229 1282 3325 dactylici
1308 3229 1496 3305 formandi

199 3357 352 3444 ratione,
382 3385 455 3455 qua
482 3361 516 3433 in
543 3362 710 3435 omnibus
737 3359 871 3456 epodis
899 3385 986 3432 usus
1013 3372 1080 3442 est,
1114 3354 1171 3456 (ut
1207 3357 1414 3455 diligenter,
1445 3385 1492 3434 ne

198 3501 284 3580 post
311 3504 477 3583 quartum
506 3491 715 3562 trochaeum
748 3513 878 3562 versus
911 3485 1142 3569 incideretur,
1176 3489 1361 3582 caveret),
1402 3486 1492 3563 Ale·

199 3615 371 3689 xandrina
401 3615 625 3712 exemplaria
653 3617 721 3690 sibi
748 3615 953 3713 proposuit,
980 3638 1065 3686 mox
1083 3638 1236 3708 prorsus
1264 3638 1310 3685 ea
1344 3616 1494 3712 reliquit

198 3756 237 3813 et
261 3759 407 3815 ceteros
434 3744 580 3840 epodos
608 3761 757 3841 praeter
784 3770 845 3841 ep.
882 3767 938 3837 13,
969 3741 1070 3816 cuius
1098 3759 1252 3815 metrum
1272 3741 1353 3838 ipse
1382 3744 1490 3820 sabri-

198 3883 301 3940 catus
330 3886 400 3958 est,
438 3896 567 3946 omnes
600 3872 648 3947 de
684 3872 921 3957 Archilocho
956 3872 1057 3968 quod
1089 3868 1240 3966 quidem
1278 3871 1327 3944 ad
1370 3890 1492 3948 metra

196 3997 366 4090 pertinet,
413 4000 607 4095 expressit.
677 4001 823 4074 Deinde
866 4026 945 4073 curn
984 4000 1034 4073 ad
1081 3999 1243 4072 carmina
1292 4000 1491 4076 scribenda

197 4123 350 4197 animum
380 4125 606 4217 contulisset,
637 4127 685 4200 ad
713 4125 841 4201 Alcaei
868 4128 1098 4224 potissimum
1127 4128 1369 4201 imitationem
1399 4156 1491 4207 sese

195 4254 410 4350 applicavit;
440 4255 508 4327 sed
537 4282 582 4329 ne
611 4271 688 4328 tum
717 4255 865 4350 quidem
887 4255 1143 4355 Archilochum
1163 4255 1374 4332 imitandum
1402 4260 1519 4341 omi,
1555 4248 1557 4275 '

194 4380 247 4453 sit.
302 4383 435 4478 Neque
464 4397 583 4456 tamen
614 4382 786 4456 Horatius
821 4411 862 4458 se
899 4384 1002 4481 quasi
1039 4384 1074 4457 in
1110 4385 1323 4459 servitutem
1359 4413 1490 4462 exem-

192 4506 350 4604 plaribus
380 4510 453 4583 suis
482 4511 629 4596 addixit,
669 4512 737 4584 sed
770 4510 883 4586 libere
921 4540 1045 4587 eorum
1078 4513 1243 4611 vestigiis
1282 4516 1487 4613 ingressus,
