3120 4838
649 278 861 340 ..21-

172 443 270 507 etiam
298 464 347 525 ep.
371 441 390 505 I
411 446 440 521 2,
471 443 676 522 araunium,
708 446 825 511 dehere
848 446 1169 533 Weingaertucrusl)
1199 449 1313 512 conicit
1320 474 1329 526 ς

171 573 248 616 num
269 549 488 634 probabiliter,
510 554 543 615 in
565 574 717 636 suspenso
738 554 892 638 relinquo.

276 658 394 723 Horat.
417 665 477 724 sat.
500 660 572 738 13,
604 664 682 725 126:
718 661 824 743 ¹.„Non
854 663 950 741 nosti,
979 662 1055 746 quid
1083 668 1195 745 pater“
1225 661 1329 745 inquit

172 766 394 852 „Chrysippus
413 767 515 832 dieat:
548 770 674 851 sapiens
697 770 843 853 crepidas
866 770 926 834 sibi
948 792 1111 852 nunquam
1131 769 1202 835 Nec
1225 770 1328 835 soleas

170 876 256 955 feeit,
280 883 370 941 sutor
391 882 499 941 tamen
524 883 572 941 est
591 878 752 961 sapiens“‘
772 884 804 942 et
820 878 917 945 Varr.
934 884 1067 943 sentent.
1091 878 1192 964 (Ries.
1208 900 1239 961 p.
1255 881 1327 954 271,

171 984 251 1071 152)
273 986 331 1061 ,sui
353 984 499 1049 dominus
519 992 575 1061 est,
599 986 653 1067 qui
677 1008 709 1049 se
731 986 950 1070 philosophiae
972 987 1171 1071 manciparit,
1197 1007 1261 1069 qua
1283 986 1328 1050 nil

166 1093 341 1177 jucundius
364 1098 435 1158 cet.·'
478 1093 660 1159 Similitudo
680 1094 838 1159 levissima
852 1101 900 1159 est
921 1102 1029 1179 atque,
1056 1096 1179 1160 etiamsi
1200 1096 1327 1179 gravior

169 1208 271 1280 esset,
302 1201 379 1266 nihil
406 1201 540 1279 valeret,
575 1223 647 1265 cum
681 1202 732 1266 hic
765 1204 853 1267 locus
880 1202 1102 1269 Varronianus
1134 1204 1212 1267 item
1243 1203 1327 1268 inter

170 1308 332 1378 Varronis
365 1311 551 1387 sententias,
587 1331 669 1393 quae
699 1310 865 1390 dicuntur,
893 1313 948 1391 sit,
984 1333 1066 1395 quae
1090 1332 1166 1375 num
1194 1332 1232 1376 ex
1260 1312 1327 1376 eius

169 1418 322 1503 operibus
344 1418 505 1483 derivatae
528 1420 598 1497 sint,
620 1426 658 1483 ut
676 1420 744 1501 jam
768 1419 913 1499 diximus,
935 1421 1091 1484 incertum
1114 1425 1171 1483 est.

273 1526 389 1593 Horat.
410 1526 449 1591 ΙΙ
472 1531 500 1606 ’2,
526 1532 559 1592 l:
594 1526 695 1610 ,Quae
716 1529 815 1592 virtus
839 1535 871 1593 et
893 1535 1022 1612 quanta,
1049 1528 1133 1606 boni,
1160 1528 1202 1592 sit
1222 1528 1326 1592 vivere

168 1645 281 1718 parvo‘
302 1641 333 1699 et
356 1634 452 1701 Varr.
476 1642 533 1699 sat.
556 1636 696 1719 Menipp.
716 1635 816 1720 (Bias.
839 1659 870 1719 p.
893 1636 1088 1722 217),E1·g0
1111 1642 1179 1699 tum
1201 1634 1327 1700 Romae

167 1764 268 1827 parce
294 1764 437 1827 pureque
459 1744 614 1827 pudentes
640 1743 753 1808 Vivere
776 1745 808 1806 in
834 1745 958 1826 patria3
994 1749 1028 1807 at
1050 1764 1134 1807 nnnc
1161 1763 1269 1807 sumus
1292 1743 1325 1806 in

167 1852 299 1917 rutuba‘
322 1852 371 1916 vel
392 1853 490 1938 (Rieu
508 1876 539 1936 p.
558 1854 632 1938 120)
655 1853 807 1933 ,aninmm
827 1854 918 1916 mitto
941 1852 1138 1937 speculatum
1153 1856 1222 1916 tota
1236 1850 1325 1930 urbe,

168 1968 215 2043 ut,
250 1960 327 2045 quid
357 1961 500 2025 facerent
524 1961 668 2025 homines
696 1981 768 2023 cum
795 1959 970 2043 experrecti
1001 1959 1072 2038 sint,
1104 1979 1154 2022 me
1185 1957 1325 2023 facerem

169 2070 339 2134 certiorem
362 2118 369 2133 .
393 2121 400 2134 .
423 2067 508 2151 Quid
523 2067 602 2131 vidit
623 2067 711 2132 aliud
731 2089 769 2133 ac
791 2069 991 2133 convivantes
1010 2067 1043 2130 in
1059 2071 1201 2131 extrema
1223 2066 1325 2131 noetis

168 2176 347 2260 tempora?‘
380 2177 429 2241 vel
450 2176 551 2262 (Ries.
574 2199 604 2259 p.
631 2176 718 2261 169)
742 2198 805 2241 non
828 2198 881 2241 eos
904 2183 1032 2259 optume
1054 2175 1175 2254 vixisse,
1203 2175 1258 2257 qui
1280 2174 1324 2238 di·

168 2285 321 2349 vit-issima
344 2285 460 2362 virent,
481 2283 536 2349 sed
559 2285 613 2366 qui
634 2283 873 2349 modestissime‘
895 2283 944 2348 vel
966 2284 1066 2370 (Ries
1086 2304 1116 2365 p.
1139 2286 1213 2367 169)
1236 2282 1325 2367 ,quid

168 2393 258 2459 aliud
273 2399 330 2471 est,
352 2391 438 2476 quod
453 2392 611 2476 Delphica
630 2393 716 2456 canit
739 2393 885 2457 columna
906 2393 1006 2457 literis
1028 2392 1092 2455 suis
1114 2384 1195 2474 ἄγαν
1216 2392 1323 2475 μηθέν

168 2523 268 2586 quam
289 2523 348 2566 nos
371 2500 476 2565 facere
492 2501 533 2565 ad
551 2483 724 2565 'mortalem
746 2501 875 2566 modum
891 2500 1087 2576 medioxime,
1109 2504 1146 2562 ut
1162 2498 1324 2582 quondam

168 2617 279 2695 patres
301 2610 402 2674 nostri
423 2610 637 2694 loquebantur
646 2608 671 2673 ?‘
691 2609 867 2693 Perperam
888 2610 946 2673 hos
968 2629 1093 2691 quoque
1108 2606 1195 2671 locos
1209 2606 1322 2671 Herm.

168 2718 366 2784 Fritzsohius
388 2719 421 2782 in
445 2740 536 2782 suum
559 2740 651 2782 usum
673 2719 836 2797 convertit,
858 2719 975 2800 quippe
997 2717 1052 2799 qui
1072 2714 1218 2799 vulgares
1233 2736 1324 2798 prac-

169 2828 268 2893 beant
289 2823 472 2907 sententiaa,
501 2847 589 2909 quaa,
619 2827 799 2909 ‹pricunque
818 2825 1042 2891 considerabat
1072 2846 1125 2889 res
1148 2824 1321 2905 Romanae,

122 2964 129 2981 ·
168 2942 236 3002 tum
260 2934 414 3000 volvebat.
461 2933 586 2999 Similes
608 2935 694 2999 locos
715 2934 786 2998 vide
806 2935 839 2998 in
859 2933 933 2998 adn.
958 2933 1032 2997 edit.
1056 2954 1083 2997 a.
1106 2933 1137 2999 h.
1158 2933 1177 2999 l.

269 3043 387 3108 Horat.
403 3049 461 3109 sat.
476 3042 514 3107 ΙΙ
530 3046 559 3122 2,
576 3049 627 3124 77,
646 3046 701 3108 78:
725 3064 849 3125 ,corpus
873 3048 1022 3106 onustum
1037 3040 1207 3105 Hesternis
1228 3040 1321 3105 vitiis‘

168 3158 200 3216 et
215 3150 311 3219 Varr.
335 3157 392 3217 sat.
414 3152 553 3235 Menipp.
572 3151 672 3237 (Ries.
694 3174 723 3234 p.
745 3155 814 3218 128.
833 3151 941 3235 XIX)
963 3155 1008 3229 ,tu
1028 3170 1093 3214 non
1114 3150 1243 3229 insanis
1268 3150 1323 3233 qui

166 3259 228 3326 tibi
248 3260 319 3325 vino
341 3281 456 3344 corpus
479 3261 654 3343 corrumpis
676 3258 799 3325 mero?·'
821 3257 872 3323 Ne
895 3258 976 3323 haec
999 3256 1126 3341 quidem
1149 3257 1321 3321 simihtudo

167 3368 262 3433 ullius
294 3369 445 3433 momenti
476 3372 536 3446 cst,
575 3367 730 3450 siquidem
760 3368 792 3432 in
828 3366 961 3431 eandem
998 3365 1187 3431 seutentiam
1221 3365 1321 3448 quivis

167 3498 249 3543 sana
271 3482 375 3542 mente
398 3477 492 3542 facile
510 3477 629 3542 incidit.

269 3584 384 3651 Horat.
406 3591 464 3649 sat.
488 3584 527 3648 II
550 3589 578 3662 ἱ),
608 3586 677 3663 135,
702 3586 775 3649 136:
805 3581 974 3666 ,Quocirca
997 3580 1089 3644 vivite
1117 3579 1216 3645 fortes
1242 3580 1322 3644 For·

166 3693 277 3774 tiaque
299 3691 437 3756 adversis
461 3692 611 3774 opponite
633 3697 764 3774 pectora
794 3689 899 3753 rebus‘
925 3694 957 3753 et
976 3688 1072 3754 Varr.
1097 3691 1155 3752 sat.
1178 3686 1320 3771 Menipp.

168 3798 269 3885 (Bias,
279 3821 307 3881 p.
323 3800 413 3886 137)
436 3799 573 3881 ,sapiens
595 3804 626 3862 et
650 3797 769 3862 bonum
791 3796 873 3861 ferre
888 3801 994 3879 potest
1011 3794 1134 3860 modice
1151 3801 1182 3859 et
1200 3794 1321 3860 malum

167 3906 294 3971 fortiter
314 3912 369 3969 aut
390 3905 518 3984 leviter‘,
541 3904 580 3969 de
602 3905 717 3988 quibus
738 3905 815 3968 locis
836 3904 920 3969 idem
937 3901 1146 3987 judicandum
1167 3906 1223 3981 est,
1244 3923 1321 3969 nam

166 4014 248 4079 haec
279 4033 404 4095 quoque
433 4013 590 4077 sententia
615 4018 682 4077 tam
708 4013 785 4076 trita
808 4018 863 4089 est,
889 4017 926 4076 ut
950 4011 1029 4076 nihil
1055 4011 1172 4089 valeat,
1201 4015 1234 4075 et
1260 4032 1322 4077 vox

167 4122 278 4204 ‚lortis‘
302 4127 338 4186 ut
356 4128 572 4206 usurparetur,
596 4123 666 4205 ipsa
687 4142 739 4185 res
757 4119 921 4203 flagitavit.

271 4356 291 4427 ¹)
310 4355 351 4426 ,de
368 4357 430 4411 Hor.
449 4356 525 4411 Lurr.
543 4357 694 4422 imitatore‘,
713 4354 775 4409 diss.
795 4353 855 4409 Hal.
877 4369 901 4408 a
922 4352 987 4405 1874
1004 4368 1029 4420 p.
1047 4348 1089 4405 31.

1343 4387 1464 4558 Γ
