3120 4838
660 275 872 339 -.10-

290 446 408 512 Horat.
432 468 514 530 ap.
538 451 571 526 9,
605 448 659 513 1οε
696 444 889 527 ‚Pictonibus
919 449 1016 527 atque
1045 443 1148 526 poetis
1178 440 1345 528 Quidlibet

188 552 327 618 audendi
341 575 465 637 semper
483 553 542 618 fuit
557 575 661 637 aequa
675 557 837 638 potestas‘,
856 551 933 618 Luc.
949 572 1008 635 pro
1028 551 1121 634 imag.
1140 554 1179 616 18
1195 546 1347 633 ,παλαιὸς

188 647 284 737 οὗτος
316 654 335 724 ὁ
369 653 473 745 λόγος,
507 654 712 738 ἀνευθύνους
740 656 822 725 εἶναι
851 660 904 724 καὶ
933 655 1070 744 ποιητὰς
1096 659 1149 722 καὶ
1180 659 1347 743 γραφέαῴ.

191 769 254 833 His
276 770 352 834 locis
375 792 500 835 omnem
522 772 585 835 vim
607 770 780 836 detrahunt
801 768 950 852 Diphilus
973 768 1059 851 apud
1080 766 1200 832 Athen.
1223 767 1285 850 VI,
1311 773 1344 833 1:

189 874 245 961 ,ιδς
274 874 304 942 οἱ
330 878 494 962 τραγῳδοί
516 896 625 960 φασιν,
658 873 707 954 οἷς
732 875 861 956 ἐξουσία
893 874 980 941 ἐστὶν
1004 876 1106 961 λέγειν
1139 868 1271 941 ἅπαντα
1292 878 1346 941 καὶ

188 997 295 1050 ποιεῖν
324 980 456 1070 privare,
489 984 627 1054 Aristot.
658 986 800 1069 Metaph.
829 991 861 1067 1,
895 989 915 1050 2
947 982 1041 1065 ,κατὰ
1065 980 1124 1070 τὴν
1156 986 1345 1070 παροιμίαν,

188 1087 296 1157 πολλὰ
322 1085 501 1174 ψεύδονται
528 1087 689 1177 cornato),
717 1093 812 1159 Plato
839 1093 879 1158 de
902 1094 1022 1178 republ.
1043 1092 1082 1158 II
1105 1097 1144 1158 17
1166 1115 1211 1178 sq.

290 1222 408 1287 Horat.
427 1223 519 1308 epod.
541 1223 640 1297 XVI,
671 1228 731 1290 21:
768 1224 841 1307 ,Ira
869 1226 967 1310 pedes
999 1247 1198 1311 quocumque
1224 1225 1348 1301 ferent,

189 1352 285 1399 carm.
307 1332 374 1410 ΠΙ,
406 1338 454 1412 11,
484 1337 542 1399 49;
576 1334 615 1416 ,Ι,
648 1336 832 1420 pedesque
858 1342 891 1401 te
912 1338 1041 1420 rapiunt
1065 1344 1095 1401 et
1118 1342 1235 1417 aurae‘,
1268 1335 1349 1400 Luc.

189 1439 335 1508 Hermot.
364 1446 404 1508 28
433 1444 525 1523 ,ἰέναι
553 1442 636 1510 ἔνθα
666 1438 710 1509 δν
741 1440 825 1530 ἡμᾶς
855 1442 884 1510 or‘
913 1437 1012 1522 πόδες
1041 1445 1185 1529 φέροισα.
1229 1444 1352 1510 Confer

190 1549 306 1613 similes
328 1551 414 1616 locos
437 1551 478 1617 ab
501 1550 677 1618 editoribus
699 1553 842 1636 inprimis
864 1551 1020 1618 Lambino
1044 1559 1076 1618 et
1097 1552 1348 1618 Mitsoherlichio

192 1655 376 1722 adnotatos:
397 1660 466 1742 jam
488 1662 584 1726 etiam
608 1661 667 1727 hos
686 1662 773 1726 locos
795 1661 910 1725 nullius
925 1662 1078 1726 momenti
1095 1683 1163 1727 esse
1176 1662 1351 1744 intelleges.

294 1790 411 1857 Horat.
435 1813 533 1857 carm.
555 1793 612 1857 ΠΙ
634 1796 685 1871 24,
707 1794 759 1870 42,
781 1794 841 1856 43:
865 1793 1042 1875 ,pauperies
1060 1843 1067 1858 .
1084 1793 1195 1876 .jubct
1217 1792 1352 1877 Quidvis

193 1904 226 1964 et
248 1898 353 1965 facere
375 1907 406 1966 et
428 1903 516 1984 pati,
551 1901 630 1968 Luc.
660 1901 785 1984 apolog.
806 1921 865 1983 pro
895 1922 992 1967 mere.
1020 1902 1110 1968 cond.
1135 1904 1175 1968 10
1205 1897 1274 1987 ,τὴν
1296 1926 1352 1967 πε-

193 2008 265 2072 νίαν
286 2000 396 2074 πάντα
417 2022 525 2075 ποιεῖν
541 2012 595 2076 καὶ
609 2003 744 2094 πάσχειν
764 2003 1035 2075 α’ναπεὶθουσανί.
1069 2011 1354 2094 Atque-sententia

195 2116 324 2198 quidem
338 2106 393 2182 illa
409 2125 591 2202 ,paupertas
610 2118 736 2203 quidvis
752 2119 898 2200 imperat‘
914 2117 1065 2201 frequens
1081 2124 1138 2197 est,
1161 2124 1197 2183 ut
1213 2121 1354 2184 occurrit

196 2225 291 2288 etiam
327 2226 414 2309 apud
446 2225 634 2305 Timoclem
669 2225 773 2292 Stob..
791 2225 859 2291 flor.
891 2225 951 2311 (ed.
979 2225 1093 2311 Gaisf.)
1122 2226 1180 2290 HI
1210 2229 1261 2308 96,
1294 2231 1352 2292 22;

196 2327 349 2411 ,πολλοὺς
369 2328 429 2417 γὰρ
455 2329 556 2398 ἔνδοθ’
581 2359 601 2418 η
620 2334 715 2398 πενία
737 2324 877 2416 βιάζεται
899 2326 1005 2412 ἀνάξι’
1028 2328 1140 2398 αὐτῶν
1159 2331 1236 2418 ἔργα
1263 2331 1355 2421 παρὰ

196 2435 294 2521 φύσιν
315 2441 441 2505 ’ποιεῖν
468 2448 500 2507 et
529 2441 615 2526 apud
636 2441 855 2506 Philemonem
887 2433 916 2526 ,ἡ
945 2438 1006 2526 γὰρ
1037 2436 1153 2520 σπάνις
1181 2434 1355 2528 πρόχειρος

196 2551 240 2628 εἰς
261 2545 300 2615 τὸ
322 2550 404 2632 δρᾶν
428 2547 562 2636 aanor).
607 2551 691 2614 Eam
712 2551 809 2633 igitur
832 2551 1021 2614 sententiam
1042 2551 1127 2634 quod
1141 2551 1299 2616 Horatius
1320 2552 1355 2616 in

197 2661 281 2724 hanc
301 2659 437 2724 formam
460 2659 583 2742 redegit
606 2665 790 2742 ,paupertas
808 2657 901 2741 jubet
924 2659 1030 2723 omnia
1049 2667 1081 2724 et
1097 2659 1202 2725 facere
1218 2665 1250 2724 et
1264 2661 1354 2744 pati‘,

199 2789 320 2832 morem
329 2767 352 2852 ³)
377 2767 463 2850 apud
484 2773 596 2850 poetas
620 2772 825 2848 oratoresque
855 2766 919 2829 late
947 2772 1110 2848 patentem
1139 2772 1265 2831 secutus
1295 2772 1354 2848 est,

198 2897 271 2939 cum
295 2876 491 2958 oppositione
514 2875 621 2958 aliqua
643 2872 793 2938 adhibita
815 2872 989 2956 simplicem
1011 2875 1198 2939 sententiam
1219 2875 1253 2939 in
1274 2873 1356 2939 duas

198 2989 308 3066 partes
332 2981 544 3046 distribueret.
588 2982 706 3066 Itaque
728 3002 768 3046 ne
795 2981 876 3046 haec
905 2981 1033 3065 quidem
1063 2982 1234 3047 similitudo
1265 2982 1356 3066 quid-

201 3112 297 3175 quam
320 3091 411 3157 valet.

304 3321 324 3387 ¹)
343 3318 465 3373 convenit
478 3316 865 3385 oumhocloeoLuc.Hermot.
877 3316 909 3368 72
928 3309 954 3381 ,δ
965 3333 994 3383 γε
1009 3319 1061 3368 νῦν
1082 3315 1211 3382 ἔπραττες
1231 3314 1276 3368 καὶ
1295 3312 1358 3368 ἒπε-

199 3408 280 3478 νόεις,
299 3405 379 3462 οὐδὲν
396 3410 451 3462 τῶν
470 3405 698 3473 ἱπποκενταύρου
715 3407 766 3459 παὶ
786 3411 919 3474 χιμαιρῶν
936 3409 981 3460 καὶ
1001 3405 1139 3473 χορχόνων
1159 3404 1294 3475 διαφέρει,
1310 3405 1357 3458 καὶ

199 3494 252 3552 ὅσοι
269 3498 337 3552 ἄλλα
354 3497 454 3567 ὄνειροι
472 3499 518 3552 καὶ
536 3497 648 3564 ποιηταὶ
669 3497 716 3550 παῖ
732 3502 849 3565 γραφεῖς
871 3492 1011 3562 ἐλεύθεροι
1035 3491 1111 3558 ὄντες
1134 3494 1357 3549 ἀναπλάττουσιν

201 3589 263 3644 οὔτε
281 3589 411 3659 γενόμενα
428 3590 538 3643 πιόποτε
559 3585 621 3641 οὔτε
639 3588 766 3656 γενέσθαι
785 3585 941 3653 δυνάμεναί.

305 3703 324 3772 ²)
343 3704 487 3758 ciantium
506 3703 569 3757 Hor.
588 3719 626 3771 ep.
647 3702 674 3755 II
693 3704 716 3767 2,
745 3703 776 3754 51
803 3702 954 3769 ,paupertas
981 3697 1089 3767 impulit
1112 3697 1197 3750 audax
1219 3697 1311 3750 ut...‘
1330 3698 1358 3750 ot

202 3795 318 3849 Schmidi
338 3794 397 3848 adn.
417 3796 444 3847 ct
462 3792 608 3848 Mitscherl.
627 3793 686 3846 adn.
704 3792 738 3846 ad
758 3808 837 3847 carm.
855 3790 897 3843 ΙΙΙ
914 3790 954 3854 24,
974 3790 1015 3841 42.

306 3904 326 3972 ³)
345 3902 530 3970 comprobatus
556 3905 598 3955 est
622 3903 715 3955 multis
746 3902 885 3968 exemplis,
913 3916 1023 3969 quorum
1049 3896 1177 3951 nonnulla
1205 3894 1351 3949 Mitschcrl.

202 3997 274 4062 adl.
299 3996 406 4060 Horat,
441 4009 518 4060 quem
545 3995 704 4056 tractamus,
737 3995 764 4045 et
785 3992 911 4044 Pricaeus
937 3989 971 4042 ad
997 3987 1080 4056 Apul.
1103 3988 1167 4040 Met.
1192 3985 1230 4038 IX
1256 4002 1282 4053 p.
1309 3984 1358 4037 181)

102 4112 105 4118 ·
204 4088 340 4140 adnotant.
384 4085 516 4138 Lucianus
545 4082 624 4134 huius
652 4081 851 4135 consuetudinis
879 4079 996 4147 exempla
1022 4079 1050 4130 in
1076 4077 1180 4145 apolog.
1203 4091 1249 4143 pro
1278 4091 1360 4129 mero.

179 4176 312 4233 'cond4
338 4178 431 4243 ,μυρία
456 4171 490 4224 ιδ
512 4173 628 4239 δυσχερῆ
653 4170 766 4237 πάσχων
789 4170 836 4223 καὶ
862 4170 968 4236 ποιῶν,
995 4169 1021 4222 in
1042 4169 1123 4235 cynic.
1144 4169 1175 4220 lc
1200 4168 1239 4234 ,αι’
1259 4162 1289 4218 δὲ
1318 4167 1362 4219 δεῖ

204 4265 288 4332 λέγειν
306 4259 428 4317 dcccciv
446 4259 618 4329 ἀφροδισίων
642 4259 720 4314 ἕνεκα
737 4260 883 4329 πράγματα
908 4260 1021 4312 ποιοῦσί
1040 4275 1068 4310 τε
1092 4259 1139 4310 καὶ
1162 4255 1314 4323 πάσχουσιν
1332 4253 1362 4308 oi

205 4350 358 4423 δνδρωιιοδ
380 4354 434 4409 dat.
