3120 4838
861 168 896 215 12

723 392 740 438 2
772 367 929 439 incertus
959 385 1028 440 est.

335 495 467 567 Anacr.
508 495 550 569 lr.
595 501 641 587 67
685 492 859 587 ἁδυμελὲς
895 501 1064 589 χαρίεσσα
1097 497 1237 586 χελιδοῖ.

595 627 643 694 68
683 629 815 716 μνᾶται
844 615 953 716 δηῦτε
983 622 1163 717 φαλακρὸς
1186 620 1318 710 Ἄλεξις.

247 760 277 768 μ’
335 780 388 849 Ex
423 778 490 864 his,
520 779 684 873 quamvis
712 804 832 874 pauca
862 779 941 861 sint,
969 779 1057 887 satis
1085 795 1254 873 apparet,
1283 777 1463 872 dactylos
1494 795 1529 851 et

228 909 424 1001 spondeos
457 934 479 978 a
508 906 665 981 Graecis
694 907 771 978 sine
801 906 1007 978 discrimine
1036 906 1178 1001 positos
1206 933 1291 978 esse
1322 905 1528 982 etnullam

227 1059 420 1107 caesuram
462 1033 663 1113 exstitisse;
707 1060 800 1130 quos
844 1034 1019 1105 Horatius
1068 1059 1218 1128 prorsus
1266 1052 1423 1108 secutus
1474 1050 1536 1109 est·

335 1162 379 1236 cs.
411 1187 619 1235 mensorem
651 1162 827 1235 cohibent
854 1161 1056 1256 Archytal
1088 1166 1168 1244 28,2

544 1344 658 1390 saeva
687 1334 800 1413 caput
828 1317 1050 1413 Proserpina
1079 1317 1170 1411 sugit

545 1445 670 1517 debita
694 1447 776 1542 jura
806 1445 980 1539 vicesque
1011 1447 1208 1540 superbae.

226 1602 339 1693 Quod
362 1602 395 1673 in
417 1601 547 1696 prim0,
571 1625 680 1695 quem
704 1600 806 1674 attuli
821 1601 966 1672 Horatii
981 1625 1088 1673 versu
1106 1601 1231 1672 tertius
1247 1627 1316 1694 pes
1332 1604 1526 1696 spondeus

226 1746 283 1801 est
310 1729 370 1824 qui
399 1728 488 1800 alias
516 1725 695 1800 hocloco
717 1754 788 1802 non
809 1744 943 1817 exstat,
964 1730 1165 1823 putandum
1186 1745 1254 1816 est,
1276 1754 1400 1824 neque
1421 1731 1459 1802 id
1479 1732 1525 1803 ab

225 1855 381 1929 Horatio
417 1840 598 1939 nonatum,
634 1857 704 1928 sed
738 1881 759 1926 a
795 1853 973 1941 Graecis,
1011 1856 1178 1949 quamvis
1211 1882 1304 1928 nunc
1342 1858 1525 1954 exemplis

224 1983 373 2079 probari
402 2009 474 2055 non
499 2000 641 2078 posset,
671 1999 710 2055 et
735 1982 824 2077 ipsis
843 1981 1027 2054 interdurn
1047 1981 1247 2055 admissum
1268 2008 1367 2055 esse.
1409 1984 1524 2080 Apud

224 2110 404 2184 Catullum
432 2128 650 2185 tetrameter
679 2110 883 2204 dactylicus
911 2135 984 2182 non
1012 2111 1200 2206 reperitur.

328 2271 403 2341 Iam
438 2268 602 2340 trimeter
638 2264 839 2361 dactylicus
874 2265 1105 2338 catalecticus
1138 2267 1173 2338 in
1208 2264 1389 2360 syllabam
1424 2269 1521 2364 apud

223 2398 420 2470 Horatium
455 2412 578 2468 exstat
610 2396 644 2467 in
679 2420 785 2466 carm.
814 2393 864 2464 IV
898 2414 935 2484 7;
964 2421 1076 2490 quem
1104 2420 1248 2467 versum
1278 2421 1299 2466 e
1325 2392 1520 2489 lyricorum
1555 2404 1558 2409 '

224 2525 453 2597 Graecorum
482 2549 634 2595 numero
654 2521 901 2594 Archilochus
930 2543 1081 2629 praeter
1109 2541 1256 2595 ceteros
1281 2523 1520 2599 adamaverat

224 2671 263 2726 et
294 2679 374 2725 cum
411 2651 566 2723 diversis
599 2650 726 2724 metris
763 2650 988 2745 conjungere
1030 2648 1185 2722 solebat.
1224 2648 1266 2722 cs.
1294 2649 1333 2720 lr.
1367 2651 1427 2742 89.
1459 2677 1517 2745 93.

230 2801 313 2868 104.
375 2777 490 2872 Cujus
524 2775 730 2872 exemplum
767 2776 959 2850 Horatium
994 2777 1061 2849 sibi
1089 2779 1347 2874 proposuisse,
1377 2779 1521 2852 etiamsi

223 2905 375 2978 Terent.
420 2907 539 2976 Maur.
591 2908 686 2995 1807
731 2930 814 3000 sqq.
857 2904 1004 2976 disertis
1045 2905 1171 2978 verbis
1199 2931 1273 2979 non
1311 2922 1519 2993 testaretur,

219 3034 306 3107 ¹inde
335 3031 502 3128 concludi
532 3032 704 3118 deberet,
734 3034 835 3128 quod
861 3048 1017 3127 uterque
1042 3050 1182 3107 tantum
1202 3058 1314 3129 puros
1334 3034 1518 3132 dactylos

222 3172 403 3257 nunquam
439 3159 630 3255 spondeos
657 3162 693 3233 in
720 3160 795 3232 hoc
822 3186 934 3232 versu
962 3161 1119 3234 admisit.

328 3286 500 3383 Denique
539 3286 698 3361 dimetro
734 3285 916 3382 dactylico
962 3289 1183 3361 catalectico
1218 3287 1254 3360 in
1286 3288 1519 3385 disyllabum,

222 3417 283 3513 qui
302 3414 457 3487 adonius
476 3417 698 3511 appellatur,
719 3416 753 3488 in
773 3415 936 3510 strophis
954 3415 1147 3510 Sapphicis
1167 3416 1344 3490 Horatius
1364 3445 1520 3513 prorsus

221 3534 258 3618 e
280 3525 513 3618 Graecorum
553 3530 667 3616 more
701 3542 807 3616 huius
848 3543 1003 3616 formae:
1036 3586 1087 3596 -—
1116 3572 1162 3616 ov
1191 3589 1241 3598 -
1269 3546 1297 3623 ἶ)
1323 3571 1413 3619 usus
1442 3564 1519 3640 est3

220 3675 393 3767 idemque
422 3668 585 3743 Catullus
612 3671 647 3743 in
676 3694 786 3744 carm.
823 3694 861 3742 11
896 3688 934 3742 et
962 3690 1004 3762 51
1037 3671 1142 3745 fecit.

420 3905 446 3999 θ
473 3903 511 3981 2.
538 3903 599 3977 De
625 3907 805 3980 versibus
831 3905 1007 3976 iambicis
1034 3914 1075 3978 et
1101 3907 1320 3981 trochaicis.

423 4078 425 4083 ⁴
481 4058 528 4132 A.
572 4058 644 4130 De
687 4059 951 4131 versibus
991 4058 1257 4134 iambicis.

303 4188 374 4259 ‘'ln*
405 4187 535 4259 iambis
577 4188 778 4281 formandis
818 4214 860 4260 se
902 4187 1164 4261 Archilochum
1205 4205 1371 4263 secutum
1415 4219 1518 4285 esse,

219 4337 298 4388 cum
328 4317 414 4410 ipse·
439 4314 617 4388 Horatius
645 4316 792 4390 disertis
819 4317 945 4395 verbis
981 4314 1196 4417 profiteatur
1230 4315 1315 4394 loco
1348 4318 1518 4401 celebra·

218 4446 357 4522 ti'ssitno
386 4463 445 4544 ep.
473 4444 485 4515 l
521 4464 578 4538 19,
612 4468 629 4514 2
638 4469 657 4542 3
687 4471 777 4548 sqq:
1145 4455 1146 4458 ’
