3120 4838
824 215 862 293 52

195 429 358 525 quamvis
378 430 538 526 epodum
560 427 755 517 continuet,
782 429 817 500 in
836 427 1001 524 margine
1024 427 1179 499 eandem
1199 420 1493 522 inscriptionem,

195 570 306 652 atque
336 558 505 630 codicem
534 566 564 642 λ,
593 556 778 630 exhibere.

298 686 431 757 Verum
460 709 542 757 cum
570 685 785 759 testimoniis
813 683 1002 757 veteribus
1030 682 1212 755 sententia
1238 698 1368 755 nostra
1396 681 1492 754 satis

192 809 330 884 fulcitur
370 828 445 884 tum
488 838 710 909 quamquam
756 812 867 885 certis
911 811 1094 905 firmisque
1146 809 1371 907 argumentis
1414 833 1493 882 non

192 941 457 1029 demonstrari,
495 942 664 1014 sensibus
692 956 816 1013 tamen
845 936 950 1011 facile
977 937 1117 1034 percipi
1145 952 1287 1033 potest,
1324 964 1408 1012 cum
1441 939 1491 1011 de

191 1068 325 1140 eadem
354 1068 526 1158 materia,
560 1067 712 1140 devita
740 1066 872 1139 rustica
900 1065 1000 1138 etin
1026 1066 1196 1138 versibus
1229 1092 1351 1138 1—22
1386 1081 1426 1138 et
1453 1067 1492 1140 in

192 1196 428 1290 sequentibus
457 1210 600 1291 agatur,
630 1220 781 1291 prorsus
810 1195 857 1266 ab
885 1194 956 1266 alia
983 1209 1091 1288 parte
1127 1210 1165 1264 et
1198 1193 1356 1265 diversis
1385 1191 1491 1266 colo-

190 1323 289 1395 ribus
316 1349 398 1395 eam
426 1324 460 1395 in
487 1324 543 1395 his
571 1323 731 1419 depingi,
760 1348 869 1420 quam
895 1318 1036 1429 inillis.
1079 1321 1175 1394 Nam
1192 1321 1312 1418 ipsum
1332 1322 1489 1411 initium,

192 1451 295 1546 quod
330 1449 526 1524 vernacula
565 1449 687 1546 lingua
727 1451 859 1524 afferre
888 1449 977 1523 ¹mihi
1010 1447 1143 1522 liceat:
1188 1446 1380 1522 Glucklich
1420 1451 1492 1521 der

193 1578 316 1663 Mann,
345 1580 412 1652 der
440 1579 524 1652 dem
554 1578 802 1651 Staatsdienst
829 1577 925 1666 lern,
963 1577 1031 1649 wie
1059 1577 1116 1649 ein
1145 1574 1237 1648 altes
1265 1576 1490 1651 Menschen-

191 1703 411 1801 geschlecht
438 1706 499 1777 die
526 1703 728 1778 vaterlicbe
748 1703 899 1778 Scholle
927 1705 990 1777 mit
1018 1705 1152 1802 eignen
1173 1703 1336 1775 Rindern
1365 1706 1492 1802 pflugt

192 1860 265 1907 von
294 1835 400 1907 allem
428 1832 594 1906 Wucher
621 1833 697 1906 srei.
739 1834 802 1905 lhn
830 1833 1001 1905 schreckt
1029 1835 1083 1905 als
1111 1832 1358 1928 Kriegsmann
1387 1833 1490 1905 nicht

192 1960 260 2034 das
301 1987 437 2058 grause
472 1959 744 2058 Kampfsignal;
786 1987 827 2033 er
866 1962 957 2033 bebt
993 1960 1090 2032 nicht
1121 1985 1189 2032 vor
1226 1961 1293 2031 des
1331 1938 1489 2033 Meeres

190 2088 281 2161 Wut
327 2086 400 2162 und
445 2089 587 2162 meidet
629 2090 697 2161 das
738 2089 875 2160 Forum
921 2087 995 2159 und
1042 2089 1101 2160 die
1143 2085 1258 2160 stolze
1299 2087 1489 2161 Schwelle

107 2310 110 2321 Ι
192 2215 438 2312 machtigerer
466 2216 670 2310 Mitbiirger
705 2260 755 2271 ——
793 2217 880 2312 quid
915 2216 982 2288 sibi
1017 2214 1103 2288 velit
1139 2215 1175 2286 in
1204 2240 1269 2286 ore
1296 2212 1382 2286 Alfii
1412 2216 1489 2288 fae-

191 2342 393 2415 neratoris?
449 2343 543 2415 Num
585 2341 680 2417 illum
722 2345 904 2440 stipendia
945 2344 1139 2427 meruisse,
1180 2369 1265 2416 num
1300 2343 1489 2438 navigium

191 2469 326 2543 iecisse
346 2490 465 2568 putas,
486 2471 546 2567 qui
567 2487 672 2568 turpe
691 2474 825 2545 lucrum
844 2469 960 2544 solum
980 2471 1179 2566 quaesivit?
1206 2496 1289 2542 num
1310 2471 1489 2546 nobilium

193 2599 325 2670 domus
353 2597 621 2695 frequentasse,
651 2624 760 2695 quem
779 2600 863 2696 quin
884 2624 1028 2688 omnes,
1059 2599 1190 2695 quibus
1210 2623 1257 2670 eo
1286 2622 1379 2693 opus
1410 2624 1486 2673 non

193 2742 291 2815 erat,
325 2751 447 2822 aeque
485 2752 530 2799 ac
562 2743 677 2823 poeta
709 2727 959 2823 despicerent,
993 2725 1073 2799 fieri
1096 2750 1171 2798 non
1199 2727 1370 2821 poterat?
1405 2752 1492 2800 cum

192 2853 236 2942 ii,
275 2854 486 2949 quibuscum
520 2855 730 2950 negotiatus
758 2870 825 2945 est,
854 2855 1007 2928 humiles
1026 2855 1184 2927 fortasse
1212 2855 1342 2951 magis,
1373 2879 1490 2950 quam

193 2981 342 3076 superbi
377 2981 410 3052 ei
443 2981 593 3055 essent?
648 2982 786 3055 Contra
824 2984 946 3056 omnia
983 2983 1124 3079 optime
1158 3007 1245 3055 sese
1273 2982 1427 3069 habent,
1457 2983 1491 3055 si

193 3108 274 3202 ipse
315 3107 489 3182 Horatius
527 3112 671 3184 locutus
712 3126 778 3183 est.
840 3109 940 3184 Illum
982 3110 1168 3183 desiderio
1211 3110 1332 3182 amissi
1374 3109 1491 3208 agelli

194 3234 336 3330 paterni
361 3235 454 3308 baec
474 3238 664 3334 scripsisse
684 3238 772 3334 quid
791 3239 940 3311 mirum?
966 3236 1141 3311 Horatius
1169 3263 1286 3333 nuper
1312 3264 1335 3309 a
1363 3238 1490 3312 militia

75 3458 78 3463 Ι
193 3362 262 3458 ipsi
291 3363 611 3458 pemiciosissima‚
639 3392 661 3438 e
688 3366 833 3463 navigio
851 3364 1061 3462 periculoso
1080 3366 1238 3439 Romam
1258 3381 1488 3458 reverterat,

194 3491 328 3563 amisso
347 3491 504 3587 praedio
524 3508 679 3589 paterno
699 3518 840 3590 pauper
859 3493 989 3584 lactus,
1017 3510 1056 3567 ut
1074 3518 1202 3566 munus
1221 3491 1308 3565 illud
1335 3493 1488 3568 scribae

193 3619 380 3713 praetorii,
411 3644 484 3715 quo
510 3637 584 3695 tum
604 3622 744 3695 functus
764 3639 833 3709 est,
860 3639 1013 3711 emeret,
1043 3646 1110 3694 aes
1138 3621 1296 3694 alienum
1323 3621 1488 3696 fortasse

193 3762 442 3836 contraxerat3
485 3764 525 3820 et
551 3748 587 3821 id
620 3751 739 3848 ipsum
774 3775 900 3823 munus
926 3776 972 3823 ne
1001 3749 1069 3822 sibi
1102 3749 1321 3848 eriperetur,
1359 3766 1486 3845 patro-

193 3896 320 3946 norum
339 3872 514 3946 nobilium
533 3876 696 3951 favorem
715 3895 754 3951 ut
772 3893 953 3973 captaret,
973 3879 1185 3975 cogebatur.
1231 3876 1340 3969 Quae
1361 3878 1489 3952 omnia

193 3999 223 4070 si
264 4025 389 4074 secum
431 4003 638 4098 cogitabat,
684 4005 848 4079 feliciora
889 4006 1069 4102 pueritiae
1109 4021 1283 4100 tempora
1323 4003 1488 4080 fortasse

192 4129 410 4203 recordatus
444 4147 502 4205 est
538 4150 576 4207 et
603 4159 625 4206 e
653 4134 715 4208 tali
751 4133 860 4205 animi
893 4134 1097 4228 mentisque
1132 4130 1276 4222 habitu,
1309 4133 1488 4229 imprimis

192 4254 355 4330 nimirum
384 4285 406 4331 e
433 4261 549 4355 patris
577 4262 703 4358 optimi
731 4260 1005 4351 recordatione,
1033 4284 1143 4356 quem
1172 4275 1310 4356 quanta
1328 4260 1487 4356 pietate,

192 4399 328 4478 quanto
357 4409 486 4460 amore
513 4386 728 4486 complexus
755 4389 812 4478 sit,
842 4388 991 4485 saepius
1011 4389 1092 4485 ipse
1111 4402 1277 4474 testatur,
1307 4388 1487 4488 cuiusque

189 4510 322 4585 Manes
355 4510 486 4588 clarius
522 4517 632 4590 etiam
667 4535 744 4591 tum
772 4515 1074 4612 manifestiusque
1102 4514 1218 4587 oculis
1245 4515 1324 4588 eius
1354 4519 1488 4593 obver·
1554 4502 1556 4509 ⁵
