3120 4838
694 252 886 313 ..8-

211 412 362 502 Lacrt.,¹)
388 414 570 505 Luciano,²)
597 417 766 484 Athenaeo
779 420 803 504 ³)
824 456 867 467 -
890 424 922 483 et
944 420 977 484 in
998 419 1150 504 religione
1171 420 1235 485 aha
1256 439 1366 502 seque-

212 526 332 604 rentur,
364 545 435 590 eum
458 525 623 610 sugillasse
650 548 722 592 cum
744 548 783 591 ex
806 548 844 594 ea
872 528 1019 612 imagine,
1052 549 1147 612 quam
1169 527 1331 594 Lucienus
1340 528 1366 612 ⁴)

211 632 380 715 expressit,
414 638 482 697 tum
511 655 549 698 ex
577 635 654 718 ipsis
684 634 836 700 librorum
865 636 982 719 titulis,
1016 658 1095 721 quos
1122 636 1218 720 Diog.
1243 634 1367 717 Laert,

212 738 409 820 Athenaeus,
435 742 489 805 alii
518 748 739 825 servaverunt,
770 742 908 809 dilucide
935 750 1080 829 apparet.
1129 743 1368 811 Commemorat

212 852 319 913 autem
340 846 433 933 Diog.
455 848 594 937 Lacrt.⁵)
617 850 692 916 hos:
721 850 842 929 νέκυια,
871 851 1033 938 διαθῆκαι,
1066 849 1232 917 ἐπιστολαὶ
1254 874 1368 936 κεκομ-

212 956 371 1040 ψευμέναι
393 951 459 1022 α’πὸ
477 959 538 1023 τοῦ
560 961 630 1025 τῶν
653 961 744 1025 θεῶν
760 953 950 1047 προςοὶπου,
971 956 1056 1045 πρὸς
1065 960 1091 1048 ⁶)
1113 958 1191 1039 τοὺς
1209 956 1369 1043 φυσικοὺς

213 1065 265 1128 καὶ
285 1061 532 1150 μαθηματικοὺς
555 1068 608 1131 καὶ
632 1065 874 1153 γραμματικοὺς
902 1070 955 1133 καὶ
975 1064 1074 1154 γονὰς
1095 1063 1286 1152 Ἐπικούρου
1315 1069 1369 1132 καὶ

212 1168 271 1250 τὰς
293 1174 555 1259 θρησκευομένας
576 1167 633 1240 ὑπ’
654 1170 768 1241 αὐτῶν
797 1168 942 1256 εἰκάδας,
972 1178 1033 1242 alio
1062 1177 1131 1242 loco
1144 1178 1166 1261 7)
1196 1177 1370 1261 Διογένους

212 1298 340 1365 πραοις,
372 1302 455 1366 quac
476 1305 553 1348 num
575 1305 687 1349 revera
709 1284 861 1368 Menippo
883 1284 1095 1350 adscribenda
1123 1285 1173 1362 sit,
1203 1283 1335 1348 dubium
1344 1287 1369 1368 8)

213 1396 269 1469 est,
293 1390 480 1456 Athenaeus
500 1385 739 1477 Ἀρκεσίλαοςβ)
770 1413 809 1457 ex
839 1413 901 1475 quo
930 1391 1013 1457 libro
1034 1392 1113 1457 haec
1135 1389 1230 1456 affert
1257 1383 1371 1471 ,πότος

212 1522 262 1575 τις
281 1486 321 1584 ἢν
343 1492 626 1584 ἐπικωμασάντων
648 1502 752 1565 τινῶν
775 1501 829 1564 καὶ
849 1493 996 1585 ματτύην
1020 1497 1185 1565 ἐκέλευσεν
1211 1498 1370 1583 εἰςφὲρειν

213 1601 362 1671 ulciacensi
398 1632 456 1685 τις.
515 1609 568 1673 καὶ
600 1603 727 1685 εὐθέως
759 1608 969 1694 περιεφέρετο
997 1609 1162 1693 περδίκεια
1194 1602 1285 1692 ὀλίγα
1317 1607 1370 1672 καὶ

318 1819 337 1881 1)
356 1819 392 1871 VI
405 1820 445 1882 99,
467 1820 522 1874 101.
594 1818 674 1881 ⁷ldls
692 1839 784 1888 κατηγ.
803 1821 845 1885 33,
865 1836 973 1885 νεκυομ.
995 1820 1189 1883 1,νεκρ.διαλ.
1210 1821 1231 1882 1,
1252 1819 1279 1872 l:
1298 1817 1322 1881 2,
1345 1819 1370 1880 1;

213 1908 253 1971 21,
275 1908 303 1973 13
323 1908 365 1972 22,
384 1907 408 1961 3.
484 1908 504 1976 ³)
524 1911 611 1973 1,28;
633 1910 673 1973 14,
692 1912 753 1974 629;
777 1911 816 1974 14,
837 1910 895 1963 664.
963 1910 986 1979 4)
1003 1911 1030 1962 in
1048 1910 1127 1964 Mort.
1146 1909 1217 1972 dial,
1237 1907 1371 1976 Necyom,

214 1998 326 2052 Jcarom.
397 1999 419 2064 5)
440 1999 476 2051 Vl
495 2001 551 2055 101.
621 1999 642 2069 6)
661 2004 761 2068 utrum,
779 2017 848 2070 quae
865 2005 1011 2070 sequuntur
1024 2000 1114 2066 verba,
1133 2016 1214 2052 unum
1232 2015 1266 2052 an
1283 1998 1371 2067 plnres

214 2087 340 2142 librorum
365 2090 461 2144 titulos
488 2091 614 2156 efficiant,
646 2092 709 2160 qnia
726 2107 823 2145 vanum
845 2095 873 2144 et
896 2091 992 2146 inutile
1016 2095 1090 2160 puto,
1114 2091 1243 2160 inquirere
1267 2089 1371 2142 omitto.

215 2178 261 2233 cfr.
276 2179 388 2234 Wilden.
406 2182 439 2234 25
458 2180 518 2235 adn.
535 2182 559 2235 8.
642 2181 660 2249 7)
679 2183 716 2234 Vl
734 2183 759 2245 2,
777 2182 819 2234 29.

317 2267 339 2338 8)
356 2269 443 2324 Verba
460 2274 551 2325 autern
574 2271 638 2326 haec
656 2274 732 2326 sunt:
757 2272 784 2324 in
806 2270 899 2325 Cobati
924 2270 1057 2325 codicibus
1082 2270 1159 2338 ,φησὶ
1178 2266 1207 2323 δὲ
1224 2266 1372 2328 Μένιππος

215 2351 246 2409 ἒν
272 2361 303 2427 τῇ
330 2361 481 2429 Διογένους
509 2359 625 2429 uodcn',
659 2363 686 2414 in
716 2361 840 2415 Sambuci
868 2363 896 2413 et
922 2361 1053 2415 Ambrosii
1081 2346 1214 2415 codicibus
1241 2355 1319 2426 ,φησὶ
1343 2353 1373 2410 δὲ

205 2426 378 2516 Ἕρμιππος.
394 2455 453 2508 ...‘.
493 2453 550 2517 Qua
577 2453 604 2506 in
627 2451 747 2506 codicum
769 2451 918 2504 differentia
941 2449 1048 2503 difficile
1072 2452 1113 2504 est
1134 2449 1285 2517 diiudicare,
1312 2465 1372 2502 cum

215 2557 282 2609 qnae
306 2544 376 2597 ratio
401 2544 470 2598 iuter
500 2544 567 2598 duas
595 2543 657 2597 illas
680 2542 800 2596 codicum
822 2540 938 2594 familias
961 2539 1119 2606 intercedat,
1147 2540 1263 2594 nondum
1285 2540 1373 2608 explo-

215 2635 302 2686 ratum
328 2651 385 2690 esse
414 2634 552 2690 videatur:
581 2635 659 2689 Certe
688 2632 857 2687 Nietzschius
882 2631 901 2685 l.
919 2630 936 2682 l.
955 2647 979 2699 p.
999 2631 1032 2684 28
1054 2631 1129 2696 hanc,
1157 2630 1373 2685 Wachsmuthins

215 2738 284 2792 corp.
304 2741 375 2793 poca.
394 2742 433 2794 ep.
452 2724 497 2778 Gr.
515 2724 599 2779 ludib.
618 2725 645 2778 Π
664 2742 689 2793 p.
708 2725 741 2778 82
767 2722 829 2777 adn.
848 2723 864 2772 7
886 2721 961 2774 illam
985 2721 1118 2774 meliorem
1144 2737 1201 2776 esse
1229 2721 1374 2777 contendit.

216 2811 389 2867 Acodicibus
411 2815 496 2883 igitur
513 2815 617 2868 nullum
635 2814 763 2868 auxilinm
781 2810 923 2881 petendum
945 2813 999 2874 cst;
1028 2827 1058 2865 ac
1082 2828 1114 2864 nc
1137 2812 1294 2880 interpretes
1316 2812 1374 2880 qui-

218 2902 277 2956 dem
294 2904 364 2959 hunc
384 2905 472 2960 locum
490 2904 651 2974 expedivisse
668 2904 733 2958 mihi
751 2903 881 2956 videntur.
917 2902 987 2955 Nam
1011 2901 1079 2970 qnod
1099 2902 1237 2970 Menagius
1261 2901 1374 2971 (observ.

218 2993 245 3045 in
264 2993 343 3063 Diog.
362 2995 392 3047 L.
414 2996 455 3048 VI
473 2995 522 3060 29;
550 2995 589 3048 ed.
609 2995 641 3050 G.
660 2994 789 3048 Huebner.
824 2991 875 3045 vol.
894 2992 922 3045 ll
940 3008 966 3059 p.
984 2991 1027 3058 20)
1045 2991 1210 3059 Lozynskius
1227 2990 1375 3060 (Hermippi

218 3082 311 3152 fragm.
341 3103 367 3154 p.
392 3087 437 3155 40)
464 3086 621 3142 Husbnerus
651 3087 703 3157 (ed.
726 3086 803 3154 Diog.
828 3084 916 3137 Laert.
940 3082 967 3134 ΙΙ
990 3097 1016 3150 p.
1038 3082 1084 3148 21)
1110 3084 1203 3136 conus
1233 3081 1375 3135 lectionem

220 3171 388 3238 ,Mr‘vruucr‘
405 3175 586 3244 obloquuntur
607 3177 664 3246 (cfr.
688 3174 785 3229 Theod.
805 3173 983 3228 Fritzschium
1008 3172 1079 3236 ,Heu
1099 3187 1124 3223 n.
1144 3172 1258 3241 Menipp‘
1276 3178 1301 3241 p.
1322 3173 1374 3241 18),

221 3266 275 3333 ,qui
292 3266 319 3318 in
333 3266 365 3319 Ι).
380 3267 409 3319 L.
423 3267 509 3321 verbis
524 3267 550 3320 lI
567 3268 627 3336 2,30
646 3268 761 3332 vocetur,
781 3261 924 3336 Εὔβουλος
942 3259 1126 3334 (Εὐβουλίδης
1139 3262 1297 3333 Menagius),
1316 3280 1375 3318 eum

219 3371 298 3423 propa
319 3356 440 3410 accedere
467 3356 569 3424 („stehe
591 3358 686 3425 nahe“)
710 3355 744 3409 ad
767 3357 945 3424 Hermippum,
968 3354 1172 3423 peripateticum
1195 3354 1374 3423 Smyrnaeum,

220 3462 272 3498 non
283 3446 317 3500 ad
330 3447 490 3515 Menippum,
509 3448 629 3516 cpmicnm
641 3446 823 3511 (ludecanum,
842 3446 906 3500 licet
918 3461 1008 3498 verum
1022 3443 1066 3508 sit,
1083 3445 1172 3497 tamen
1189 3459 1241 3496 non
1256 3444 1373 3512 impedit,

221 3538 361 3604 quominus
379 3538 460 3591 etiam
479 3537 629 3607 Menippum
649 3535 798 3604 Διογένους
813 3539 916 3603 κρᾶσιν
939 3535 1075 3603 scripsisse
1094 3537 1229 3602 putemus;
1257 3537 1285 3587 et
1307 3550 1374 3602 quas

164 3640 168 3649 “
221 3626 373 3681 Wildenow.
392 3628 427 3696 (p.
446 3628 756 3697 anastasianam
778 3625 947 3692 ,Μένιπποςι
971 3625 1044 3689 dicit,
1067 3625 1220 3694 ,Diogenem
1237 3623 1374 3678 Laertinm

221 3731 304 3784 neque
322 3716 349 3769 in
367 3716 483 3785 Menippi
506 3717 613 3785 scriptis
638 3716 820 3771 enumerandis
837 3718 885 3788 (Vl
906 3716 964 3785 101)
990 3715 1139 3769 auctionem
1163 3714 1238 3767 illam
1262 3730 1374 3769 comme-

221 3821 321 3860 morare
338 3822 422 3874 neque
445 3822 559 3875 unquam
578 3807 694 3875 Menippi
712 3806 866 3860 testimonio
884 3806 943 3870 uti‘,
966 3806 1029 3858 haec
1050 3804 1108 3857 ideo
1127 3804 1228 3856 nullius
1246 3807 1375 3858 momenti

222 3897 293 3960 sunt,
317 3896 380 3964 quia
397 3897 529 3964 Diogenes
546 3897 670 3951 Laertius
688 3899 716 3950 et
738 3897 831 3950 seriem
852 3896 977 3949 librorum
996 3894 1192 3962 Menippeorum
1210 3893 1270 3947 finit
1288 3894 1375 3948 verbis

222 3984 277 4050 ,καὶ
294 3982 371 4038 oillu‘
398 3987 426 4038 et
450 3986 529 4039 semel
556 4003 615 4040 cnm
639 3987 791 4054 Menippum
819 3989 915 4040 testem
943 3983 1094 4038 adhibuisse
1118 3983 1174 4036 sine
1197 3982 1277 4037 dubio
1304 3985 1375 4039 credi

222 4079 319 4144 potest.
364 4076 464 4130 Contra
485 4074 588 4129 Riesius
606 4077 681 4131 Varr.
706 4079 757 4129 sat.
780 4076 893 4145 Menipp.
920 4075 968 4144 lrg.
989 4091 1015 4142 p.
1039 4074 1088 4126 245
1112 4077 1140 4127 et
1157 4074 1375 4130 Wachsmnthins

222 4165 239 4217 l.
258 4166 275 4218 l.
294 4166 322 4218 ΙΙ
341 4181 365 4234 p.
384 4165 417 4218 82
436 4163 527 4219 Cobet.
547 4165 587 4219 cd.
607 4167 746 4221 lectionem
764 4166 930 4233 ,Μένιπποςί
948 4165 1069 4221 retinent.
1105 4164 1199 4233 Itaque
1215 4164 1302 4220 adhuc
1325 4167 1375 4220 snb

220 4256 308 4326 judice
325 4256 360 4310 lis
378 4260 428 4310 est.
462 4257 532 4310 Nam
551 4273 582 4310 ne
603 4255 736 4312 Nitzschii
759 4258 864 4326 quidem
890 4256 1042 4325 conjectura
1061 4256 1079 4311 l.
1099 4255 1116 4307 l.
1134 4271 1160 4322 p.
1177 4255 1211 4308 28
1231 4255 1376 4324 probabili·

222 4351 306 4406 tatem
324 4346 413 4405 babet,
517 4345 537 4409 ⁹)
556 4347 619 4401 XIV
637 4348 688 4401 664
705 4363 726 4401 e.
