3120 4838
721 94 760 140 21

657 166 741 175 ὴ-
747 169 866 175 --.-.--

103 292 146 363 sr.
186 315 254 363 101
288 290 424 375 πολλὰς
451 290 489 361 di
516 292 656 383 τυφλὰς
683 291 848 386 ἐγχέλυας
876 295 996 381 ἐδέξω.

102 418 143 490 sr.
182 442 253 491 102
284 419 460 491 incertum
488 435 558 493 est.

103 546 146 620 ir.
183 569 295 640 103,2
324 547 460 639 πολλὴν
487 546 562 618 κατ’
590 546 701 639 ἀχλὺν
728 546 901 641 thunium!
928 550 1056 639 ἔχανεν.

102 674 143 746 l'r.
178 684 252 746 116
281 673 389 769 ὄγμος
416 682 536 747 κακῶν
565 679 603 747 di
630 675 761 771 γήραος
787 680 959 770 καθαιρεῖ.

211 803 264 875 Ut
291 803 533 875 Archilochus
575 804 610 875 in
651 803 707 875 his
735 804 903 876 versibus
932 803 1141 899 spondeum
1175 805 1339 878 nonnisi
1367 807 1402 877 in

110 957 121 1002 1
156 947 195 1004 et
225 954 246 1023 3
276 931 378 1027 pede
408 931 563 1019 admisit,
594 931 645 1003 ita
671 933 844 1003 Horatius
872 932 909 1004 in
927 955 975 1023 30
1003 932 1174 1005 trimetris
1203 933 1239 1004 in
1274 936 1401 1006 rsede

108 1084 166 1149 11,
194 1060 230 1131 in
263 1083 283 1152 3
314 1060 407 1132 sede
442 1065 500 1147 26,
529 1060 659 1131 nullum
688 1061 895 1154 spondeum
923 1061 958 1132 in
989 1082 1007 1152 5
1039 1062 1130 1132 sede
1160 1061 1293 1156 posuit.
1331 1061 1400 1133 Ar-

101 1188 157 1259 sin
184 1187 366 1260 Horatius
393 1189 508 1260 semel
537 1187 652 1273 solvit,
682 1186 840 1260 ultimam
867 1185 1047 1282 syllabam
1094 1189 1198 1278 24ies
1238 1187 1399 1286 longam,

102 1315 182 1387 6ies
226 1315 383 1387 brevem
427 1341 513 1386 esse
555 1311 679 1388 voluit.
720 1315 891 1411 Denique
932 1332 1087 1411 uterque
1134 1342 1205 1388 una
1247 1343 1400 1391 caesura

100 1442 359 1538 semiquinaria
388 1469 474 1515 usus
501 1459 569 1514 est.

205 1570 268 1642 De
299 1570 407 1642 tertio
435 1596 556 1655 versu,
585 1570 633 1642 de
664 1570 821 1671 dimetro
850 1571 1021 1660 iambic0,
1051 1596 1125 1666 quo
1155 1572 1333 1646 Horatius
1365 1574 1398 1645 in

101 1726 159 1794 ep.
191 1723 330 1772 1-—1o.
366 1722 423 1788 14·
458 1720 499 1791 15
530 1724 618 1771 usus
649 1714 717 1787 est,
753 1699 925 1795 quoniam
955 1723 1146 1772 caesuram
1180 1724 1253 1772 non
1284 1699 1399 1771 habet

99 1842 299 1922 ceteraque
333 1852 414 1897 cum
450 1827 621 1899 trimetris
649 1828 871 1922 conspirant,
907 1827 990 1899 mihi
1028 1827 1113 1900 licet
1140 1854 1226 1900 esse
1260 1825 1396 1898 brevis-

98 1954 201 2027 sim0.
258 1952 463 2050 Spondeos
491 1955 597 2050 igitur
624 1956 658 2027 in
688 1954 839 2027 sedibus
867 1955 1064 2051 imparibus
1094 1972 1133 2029 et
1152 1953 1397 2028 Archilochus

98 2109 215 2177 saepe
245 2100 284 2155 et
312 2082 487 2155 Horatius
517 2084 554 2154 in
586 2106 657 2174 203
687 2082 850 2155 dimetris
885 2084 1002 2177 primo
1044 2082 1127 2155 loco
1170 2107 1250 2172 149,
1288 2083 1397 2154 tertio

97 2209 178 2283 loco
213 2212 285 2281 186
314 2211 448 2306 posuit.
496 2209 604 2282 Arsis
632 2210 848 2282 solutionem
869 2211 1046 2283 Horatius
1073 2226 1206 2306 quater
1235 2209 1397 2285 admisit:

98 2364 153 2433 ep.
185 2348 283 2423 2,62.
317 2341 390 2431 3,8.
422 2341 520 2430 5,48.
558 2360 679 2429 15,24,
709 2338 811 2432 cujus
846 2338 945 2433 apud
980 2337 1239 2411 Archilochum
1272 2362 1396 2433 quam·

97 2492 207 2562 quam
237 2492 331 2538 nunc
360 2463 530 2560 exempla
559 2491 634 2537 non
663 2482 817 2551 exstant,
847 2483 968 2538 tamen
997 2493 1018 2539 e
1049 2466 1201 2539 trimetri
1237 2463 1392 2538 similitu-

97 2592 193 2682 dine,
234 2594 320 2689 quin
356 2611 396 2666 et
414 2595 494 2690 ipse
514 2618 588 2665 non
604 2618 757 2689 prorsus
786 2595 834 2667 ab
855 2620 901 2666 ea
921 2594 1160 2679 abhorruerit,
1181 2619 1253 2665 non
1278 2594 1393 2666 debet

95 2721 265 2794 dubitari.
323 2720 435 2820 Apud
463 2719 643 2794 Catullum
672 2722 813 2794 dimetri
842 2746 912 2793 non
940 2721 1173 2794 inveniuntur.

328 2928 367 3000 B.
422 2929 495 3000 De
537 2929 796 3002 versibus
840 2928 1162 3002 trochaicis.

201 3078 263 3150 De
293 3076 448 3150 dimetro
477 3078 666 3151 trochaico
698 3078 928 3167 catalecticO,
966 3078 1028 3173 qui
1066 3077 1165 3174 apud
1200 3077 1391 3151 Horatium

92 3205 127 3277 in
155 3231 184 3276 c.
214 3205 313 3277 1118
343 3186 533 3299 reperitur,
564 3206 657 3279 Mar.
681 3205 822 3280 Victor.
860 3208 1000 3294 168,20
1027 3206 1070 3277 K.
1100 3220 1276 3278 testatur:
1310 3223 1393 3279 »est

92 3348 217 3405 autem
247 3333 295 3404 ab
316 3330 462 3405 Alcaeo
491 3349 677 3429 sumptum
695 3335 902 3408 choriacum
921 3332 1255 3430 heptasyllabum3›
1289 3338 1392 3430 quod

93 3460 336 3533 testimonium
356 3461 588 3535 confirmatur
607 3488 629 3535 a
650 3463 787 3535 Caesio
808 3464 928 3536 Basso
952 3482 1102 3553 270,21,
1124 3462 1180 3534 cui
1198 3462 1391 3559 ingeniose

91 3588 232 3661 Keilius
261 3587 504 3683 fragmentum
533 3589 594 3661 diu
622 3592 690 3662 sub
717 3590 818 3665 Atilii
845 3590 1096 3664 Fortunatiani
1115 3590 1260 3663 nomine
1280 3593 1391 3664 latum

91 3716 225 3801 tribuit,
256 3731 296 3788 et
323 3717 370 3788 ab
399 3718 482 3814 ipso
511 3717 596 3790 Atil.
624 3718 766 3791 Fortun
803 3740 938 3812 302,17
976 3720 1033 3804 K,
1066 3744 1287 3816 quamquam
1320 3718 1390 3792 hos

90 3868 163 3916 non
192 3846 341 3917 omnino
369 3862 468 3919 recte
496 3846 708 3941 disputasse
737 3847 829 3919 insra
857 3847 1202 3920 demonstrabimus.
1261 3846 1388 3938 Quare

90 3999 171 4045 cum
198 3973 343 4045 dimetri
371 3973 544 4046 trochaici
573 3973 666 4047 inter
692 3972 822 4048 Alcaei
858 3974 1067 4070 fragmenta
1103 3999 1194 4045 nunc
1230 3999 1305 4046 non
1341 3976 1390 4049 in-

90 4102 292 4189 veniantur,
332 4125 446 4175 causa
488 4116 611 4173 tamen
652 4105 737 4177 mihi
764 4128 840 4175 non
876 4100 1020 4172 videtur
1062 4125 1159 4187 esse,
1201 4126 1263 4173 cur
1306 4127 1386 4178 cum

90 4228 268 4303 Schillero
297 4256 333 4325 p.
370 4254 413 4322 13
442 4231 636 4302 Horatium
676 4257 749 4302 non
790 4226 979 4317 Alcaeum,
1019 4227 1089 4300 sed
1122 4226 1385 4324 Bacchylidem
1452 4274 1455 4279 ·

67 4357 265 4432 imitatum
295 4383 381 4430 esse
410 4372 590 4452 putemus,
646 4357 742 4430 Nam
771 4356 874 4452 quod
901 4353 1100 4431 Schillerus
1120 4355 1226 4431 affert
1245 4357 1379 4432 Bacch.
