3120 4838
730 217 767 285 55

105 418 291 491 rationem
334 446 356 490 a
393 419 549 492 Graecis
590 416 651 491 vel
692 420 816 515 potius
857 422 904 493 ab
932 421 1158 494 Archilocho
1199 423 1401 497 imitatione

104 546 294 642 expressit
319 573 440 643 neque
459 548 506 620 ab
534 571 660 620 eorum
680 551 805 619 nor'ma
824 549 981 622 recessit
1002 549 1069 622 nisi
1089 550 1125 623 in
1152 549 1400 624 nonnullorum

103 688 305 748 metrorum
342 673 569 749 formatione.
624 674 674 748 Et
715 675 791 748 iure
833 676 981 771 quidem
1020 676 1102 751 illos
1137 678 1296 751 imitatus
1332 695 1400 768 est,

104 804 211 898 quod
258 802 288 874 si
334 802 450 876 minus
500 802 670 893 fecisset,
720 820 920 877 metrorum
962 805 1228 902 proprietatem
1270 832 1399 902 parum

105 928 377 1027 perspexisset.

371 1142 396 1235 6
424 1141 461 1215 6.
515 1141 576 1213 De
607 1141 844 1214 carminibus
872 1142 1133 1215 monostichis.

211 1303 388 1377 Horatius
417 1303 561 1376 duobus
589 1304 759 1376 versibus
787 1321 869 1377 tota
896 1305 1056 1377 carmina
1085 1304 1314 1389 continuavit,
1343 1331 1398 1377 as·

103 1428 305 1526 clepiadeo
332 1432 469 1505 minore
497 1448 535 1504 et
563 1431 703 1505 maiore
725 1447 835 1528 atque
857 1430 918 1504 illo
946 1433 1096 1528 quidem
1125 1457 1155 1505 c.
1184 1433 1250 1505 11.
1279 1432 1322 1504 Ill
1340 1455 1399 1524 30.

101 1559 152 1631 IV
188 1562 229 1644 8,
266 1558 340 1632 hoc
375 1585 395 1632 c
431 1561 443 1631 l
484 1584 542 1634 11.
582 1561 639 1633 18.
675 1558 724 1631 IV
766 1582 827 1651 103
870 1577 908 1633 et
939 1560 1012 1633 hoc
1048 1558 1213 1635 Catullus
1250 1585 1398 1658 quoque

105 1711 137 1759 c.
169 1710 219 1780 30
246 1687 465 1784 composuit.

211 1843 271 1916 De
291 1843 579 1917 Horationarum
598 1843 795 1916 carminum
815 1841 1087 1940 compositione
1111 1841 1199 1938 quid
1227 1856 1398 1933 statuam,

103 1969 252 2043 dubium
280 1995 367 2043 esse
400 1996 472 2044 non
508 1985 652 2067 potest,
693 1995 774 2043 cum
807 1997 919 2066 supra
945 1970 1218 2065 inscriptionum
1246 1984 1286 2042 et
1310 1970 1399 2044 artis

101 2097 279 2171 metricae
316 2099 533 2196 scriptorum
567 2098 776 2172 testimonia
810 2095 999 2173 attulerim.
1057 2098 1232 2170 Profecto
1268 2122 1315 2171 ne
1350 2100 1398 2172 de

101 2224 161 2299 his
189 2225 338 2322 quidem
365 2227 538 2329 Meinekii
565 2227 748 2301 sententia
775 2227 925 2324 probari
951 2240 1093 2323 potest,
1127 2229 1198 2299 sed
1227 2226 1397 2318 carmina,

101 2369 143 2426 ut
171 2355 398 2429 monostiche
427 2356 644 2452 perscripta,
671 2356 722 2428 ita
748 2380 788 2427 re
815 2379 904 2428 vero
933 2354 1123 2448 μονόκωλα
1150 2371 1253 2445 sunt3
1296 2355 1399 2449 quod

102 2482 259 2580 egregie
295 2483 523 2556 confirmatur
557 2510 585 2556 c.
623 2485 670 2557 IV
707 2486 748 2574 8,
785 2484 893 2579 quale
927 2482 964 2555 in
1002 2481 1169 2554 omnibus
1207 2480 1399 2554 codicibus

102 2625 246 2695 exstat,
285 2633 332 2703 34
367 2611 534 2685 versibus
567 2611 733 2684 formato.
789 2610 863 2704 Qui
903 2635 1074 2683 versuum
1109 2635 1279 2683 numerus
1314 2635 1396 2683 cum

99 2751 343 2833 systematum
372 2739 560 2836 quaternis
588 2739 756 2813 versibus
789 2739 1063 2811 formandorum
1091 2736 1215 2836 legem
1242 2762 1395 2834 prorsus

100 2880 310 2956 everteret,
353 2866 478 2940 iniuria
518 2868 724 2964 frustraque
766 2868 830 2939 viri
872 2867 968 2939 docti
1004 2867 1117 2940 modo
1155 2868 1247 2940 duas
1282 2867 1395 2940 modo

99 3019 171 3067 sex
198 2995 314 3067 modo
349 2993 474 3091 plures
507 3020 639 3069 versus
674 2996 785 3067 modo
822 3009 938 3068 totum
971 3020 1119 3069 carmen
1149 2995 1304 3068 Horatio
1332 2996 1394 3069 ab·

99 3122 358 3197 iudicaverunt.
394 3123 472 3198 Sed
491 3125 539 3197 de
557 3125 626 3197 hoc
646 3122 804 3197 carmine
826 3123 979 3220 copiose
1007 3140 1216 3220 ornateque
1234 3124 1395 3197 Haeuss·

100 3275 214 3323 nerus
259 3248 279 3326 l.
329 3254 351 3327 1.
372 3249 398 3348 ¹)
455 3251 673 3349 disputavit,
739 3250 839 3324 cuius
893 3252 1262 3338 commentationem,
1313 3276 1395 3324 cum

99 3378 189 3451 mihi
217 3381 327 3474 plane
354 3404 427 3453 non
459 3380 519 3466 sit,
557 3380 659 3476 quod
690 3379 845 3469 addam,
883 3404 1005 3476 neque
1032 3395 1114 3453 acta
1143 3404 1258 3478 agere
1286 3379 1394 3469 iuvet,

99 3504 276 3580 laudasse
305 3507 547 3604 omnibusque
576 3507 859 3581 commendasse
888 3508 975 3581 satis
993 3508 1129 3584 habeo,

206 3663 282 3735 lam
310 3688 391 3735 cum
424 3663 592 3736 versibus
628 3663 872 3761 asclepiadeis
908 3681 947 3738 et
973 3663 1138 3737 Alcaeus
1174 3660 1234 3766 (cf.
1262 3662 1302 3735 fr.
1333 3684 1393 3754 33.

101 3813 163 3885 37.
193 3815 253 3884 39.
285 3815 347 3881 41.
382 3794 446 3888 84)
487 3807 524 3865 et
558 3793 713 3889 Sappho
750 3792 811 3889 (cl.
849 3792 890 3866 lr.
930 3795 991 3883 56.
1028 3794 1087 3863 0'8.
1118 3789 1185 3894 69)
1221 3790 1277 3863 usi
1313 3790 1394 3880 sint,

97 3917 213 3991 utrius
230 3918 390 4014 vestigia
420 3919 595 3993 Horatius
622 3921 657 3992 in
686 3922 882 3995 carminum
904 3918 1174 4015 compositione
1204 3918 1395 4014 presserit,

99 4045 355 4145 quaerendum
384 4064 461 4134 est;
490 4049 724 4143 respondeo:
766 4047 911 4134 Alcaei,
940 4047 1040 4119 nisus
1068 4047 1102 4119 in
1131 4046 1222 4118 Mar.
1251 4045 1394 4119 Victor.

105 4195 242 4270 150,25
274 4199 349 4271 sq.:
391 4175 510 4250 »idem
544 4181 609 4271 (sc.
640 4176 829 4261 Horatius;
867 4172 1093 4277 [Phalaecus]
1131 4173 1280 4247 codices
1314 4198 1397 4269 per-

99 4346 208 4357 .---

212 4423 231 4495 ¹)
251 4426 403 4480 Haeussner.
432 4430 472 4479 De
499 4426 696 4479 Horatiauorum
727 4425 866 4476 carminum
895 4422 949 4474 libri
979 4424 1061 4488 quarti
1092 4432 1187 4475 octavo.
1216 4425 1300 4493 Progr.
1330 4424 1397 4474 Frei-

100 4522 165 4588 burg
186 4518 265 4582 1876.
