3120 4838
556 167 776 230 ...50-

83 343 168 406 actio
192 342 331 407 transire
355 343 471 426 possit,
507 363 619 424 necne,
657 366 676 407 a
704 344 908 426 singulorum
932 346 1068 410 arbitrio
1093 346 1210 428 pendet
1226 347 1250 432 ¹)

84 432 130 495 ita
159 431 257 496 etiam
286 432 537 514 compositorum
564 454 613 495 vv.
643 433 894 514 significationes
923 435 1012 498 varie
1040 437 1139 499 variis
1171 443 1249 499 tem·

82 520 218 601 poribus
239 520 430 585 'intellectas
461 519 621 587 videmus:
657 519 897 602 antiquioribus
921 525 1005 587 enim
1036 525 1247 606 temporibus,

15 623 20 631 ’
84 616 121 672 ut
147 610 288 691 primum
316 609 356 673 de
379 609 485 673 verbis
510 631 583 673 cum
606 632 741 692 praepp.
767 632 807 691 ,a,
833 611 881 691 de,
907 617 956 675 ex‘
980 633 1106 694 compp.
1131 613 1247 693 dicam,

84 699 191 761 omnia
219 700 298 778 fere,
332 719 470 779 quorum
498 699 657 780 simplicia
681 699 778 762 eundi
801 700 851 763 vel
875 701 973 764 simili
996 708 1104 765 motus
1128 702 1249 784 signifi-

84 787 210 850 catione
233 787 385 869 praedita
408 793 509 864 erant,
534 809 607 851 cum
624 810 689 852 aec.
707 789 980 852 construebantur
1004 791 1058 875 (cf.
1077 789 1149 854 Ter.
1167 792 1248 856 Hec.

85 880 161 938 378:
186 883 245 956 „ut
269 877 366 940 limen
383 875 559 960 exirent“);
584 897 680 958 quam
699 877 940 941 consuetudinis
957 878 1141 942 libertatem
1158 882 1250 943 aurei

84 965 212 1028 demum
236 967 306 1028 aevi
331 965 507 1047 scriptores
531 964 696 1047 pedestres
721 968 768 1030 ita
792 974 1021 1047 coercuerunt,
1058 975 1095 1031 ut
1119 975 1249 1050 praeter

84 1059 188 1118 certas
215 1054 388 1117 nonnullas
416 1054 609 1133 locutiones,
646 1060 683 1119 ut
717 1055 870 1136 „moduni
904 1056 1056 1121 excedere
1091 1079 1115 1120 e.
1152 1058 1247 1137 exire,

83 1140 162 1206 fines
186 1142 317 1225 egredit‘
349 1143 571 1207 accusativum
598 1165 663 1207 non
686 1145 773 1227 passi
797 1145 1069 1227 praepositionem
1094 1152 1151 1209 aut
1175 1167 1249 1209 ean-

83 1231 155 1295 dem
186 1238 244 1296 aut
275 1233 412 1296 similem
437 1233 556 1295 iterare
580 1232 780 1297 adamarent.
826 1231 877 1297 At
900 1240 1015 1314 poetae
1039 1242 1071 1298 et
1095 1235 1152 1316 qui
1176 1235 1250 1298 illos

83 1321 186 1384 secuti
224 1326 300 1385 sunt
338 1322 556 1404 posteriorum
595 1328 776 1404 temporum
815 1323 989 1404 scriptores
1028 1345 1121 1386 usum
1157 1323 1249 1387 illum

83 1410 200 1490 prioris
225 1411 295 1474 aevi
318 1416 386 1474 tam
411 1410 511 1473 libere
532 1416 732 1492 receperunt,
757 1415 795 1474 ut
811 1412 910 1475 etiam
926 1417 996 1474 tum
1013 1413 1120 1475 omnia
1136 1413 1249 1495 hujus-

81 1497 171 1561 modi
194 1499 293 1563 verba
316 1501 347 1563 vi
370 1500 546 1563 transitiva
571 1499 756 1578 induerent,
782 1521 853 1563 cum
878 1500 917 1563 de
941 1508 1029 1565 certo
1054 1500 1116 1564 fine
1140 1502 1249 1565 termi-

82 1609 198 1671 noque,
223 1610 319 1670 quem
334 1588 422 1651 ultra
438 1588 669 1669 egrediendum
685 1610 748 1652 non
765 1594 844 1667 erat,
869 1610 933 1652 non
946 1590 1015 1672 jam
1032 1590 1248 1672 cogitabatur.

170 1694 296 1758 Eodem
319 1693 413 1759 modo
430 1697 529 1759 etiam
546 1696 578 1758 in
596 1716 707 1759 eorum
724 1701 900 1777 structura,
926 1719 1009 1779 quae
1026 1719 1098 1761 cum
1114 1718 1246 1779 praepp.

82 1784 144 1863 ad,
163 1790 248 1859 ante,
266 1805 327 1847 con
343 1789 414 1848 etc‘
439 1785 618 1867 composita
634 1791 719 1864 sunt,
745 1806 870 1849 summa
886 1807 944 1868 per
960 1787 1106 1868 singulas
1124 1792 1248 1850 aetates

82 1873 204 1937 latinae
227 1874 358 1956 linguae
382 1874 598 1937 inconstantia
615 1875 770 1937 cernitur:
797 1875 852 1953 ita,
879 1896 963 1956 quae
980 1878 1158 1958 composita
1175 1881 1249 1939 sunt

17 1991 19 1997 ¹
82 1984 154 2026 cum
184 1960 250 2043 ‚ad‘
278 1969 310 2026 et
340 1964 395 2042 ,in‘
426 1985 558 2046 praepp.
584 1985 604 2025 a
627 1962 746 2026 Plauto
770 1969 801 2026 et
825 1964 865 2027 iis
889 1965 945 2045 qui
969 1964 1081 2028 eodem
1104 1971 1248 2047 tempore

81 2052 183 2116 libros
207 2053 421 2134 scripserunt,
451 2074 524 2116 cum
547 2073 612 2117 acc.
639 2053 934 2136 conjungebantur,
967 2054 1056 2116 nullo
1084 2053 1150 2117 fere
1177 2073 1247 2115 scn-

82 2143 205 2206 tentiae
229 2142 413 2205 discrimine
437 2142 523 2224 inter
540 2142 624 2204 hanc
640 2148 672 2205 et
688 2143 769 2206 alias
787 2148 969 2206 structuras
987 2139 1246 2225 intercedente.‘²)

82 2230 168 2294 Item
191 2230 360 2294 Lucretius
385 2231 472 2294 haud
496 2253 572 2295 raro
597 2238 749 2312 quartum
773 2233 883 2313 posuit
907 2253 1029 2309 casum,
1060 2230 1116 2295 ubi
1147 2231 1247 2311 inpri·
1308 2255 1310 2260 ’

81 2320 142 2383 mis
167 2320 208 2384 ab
233 2321 322 2384 aurei
347 2320 435 2402 quod
458 2321 578 2384 dicitur
602 2321 670 2384 aevi
703 2320 917 2402 scriptoribus
941 2320 1068 2384 solutae
1089 2319 1247 2382 orationis

82 2408 212 2473 dativus
236 2409 523 2496 praeferebatur&
913 2406 916 2410 ⁴

170 2499 289 2562 Paullo
322 2500 522 2562 constantior
553 2500 639 2562 ratio
671 2498 704 2561 in
735 2503 900 2562 structura
930 2520 978 2563 vv.
1008 2520 1079 2561 cum
1104 2497 1246 2577 ,circum

81 2609 147 2669 per,
173 2594 311 2670 praeter,
338 2594 440 2652 trans‘
464 2610 588 2670 compp.
615 2588 788 2651 observata
812 2588 1044 2652 videturesse:
1070 2608 1141 2650 eam
1165 2585 1249 2649 enim

82 2675 148 2741 fere
172 2678 279 2741 omnia
302 2677 405 2759 legem
429 2684 619 2759 sequuntur,
645 2682 681 2740 ut
705 2678 926 2740 accusativum
950 2673 1165 2762 adsumente)

169 2783 220 2848 At
251 2805 289 2848 ex
319 2784 384 2863 his,
415 2804 496 2864 quae
519 2784 630 2864 attuli,
655 2789 802 2865 apparet,
829 2784 1078 2847 constructionis
1101 2805 1247 2848 normam

81 2896 145 2938 non
168 2878 236 2937 tam
259 2874 292 2937 in
316 2873 411 2935 certis
434 2873 615 2955 praeceptis
639 2873 926 2955 praepositionum,
952 2894 1051 2953 quam
1067 2873 1100 2935 in
1117 2894 1247 2936 casuum

82 2966 112 3026 vi
134 2965 215 3026 etin
232 2984 277 3041 ca,
304 2983 386 3043 quae
411 2982 449 3023 ex
474 2961 703 3044 compositione
726 2960 952 3043 proficiscatur
976 2962 1064 3025 verbi
1089 2961 1248 3043 significa-

82 3054 168 3116 tione
192 3051 245 3136 (cf.
270 3049 413 3135 invenio)
437 3051 577 3132 positam
601 3071 683 3129 esse3
709 3073 782 3113 nam
807 3051 864 3113 alii
885 3051 950 3114 alia
972 3051 1112 3114 notionis
1126 3051 1248 3114 intelle-

82 3141 206 3224 gendae
225 3140 365 3204 facultas
382 3138 461 3202 (lata
477 3146 557 3219 erat,
583 3161 655 3203 cum
680 3139 763 3204 alius
788 3139 924 3220 simplex
948 3148 979 3203 et
1003 3161 1142 3220 quacum
1166 3162 1249 3203 com-

82 3231 225 3313 positum
246 3237 295 3293 est
317 3228 592 3311 praepositionem
615 3229 662 3292 ita
679 3234 831 3311 separata
847 3231 989 3309 sentiret,
1016 3235 1053 3292 ut
1070 3228 1153 3291 duae
1166 3250 1250 3292 com·

82 3321 251 3402 positionis
268 3324 378 3402 partes
394 3340 453 3399 pro
467 3339 526 3382 sua
539 3339 669 3400 quaque
682 3315 917 3398 significatione
930 3318 971 3381 ad
989 3317 1250 3381 commutandam

82 3410 353 3473 constructionem
387 3407 545 3487 valerent,
583 3407 668 3470 alius
703 3407 797 3488 quasi
832 3408 966 3469 tertium
1001 3406 1134 3470 verbum
1168 3428 1251 3469 nova

81 3497 263 3580 praeditum
288 3495 523 3580 significatione
539 3496 751 3577 intellegeret,
778 3495 828 3557 cui
843 3496 942 3558 etiam
954 3516 1071 3558 novam
1087 3495 1250 3576 quandam

81 3588 350 3651 constructionem
374 3585 642 3652 accommodaret.
1134 3611 1139 3624 ¹

171 3801 193 3867 ¹)
213 3799 247 3852 cf.
267 3797 304 3850 H.
324 3795 465 3862 Miiller,
496 3798 539 3861 ,de
568 3797 720 3866 generibus
749 3795 836 3848 verbi‘
863 3793 1172 3861 diss.Gripsvv.18tll,
1201 3811 1248 3860 pg.

82 3875 115 3924 37
130 3888 201 3938 sqq.;
221 3869 349 3932 Haase,
369 3868 461 3937 vorlg.
481 3868 505 3933 I,
524 3887 571 3938 pg.
591 3873 625 3922 95
645 3867 709 3921 coll.
729 3885 776 3935 pg.
798 3871 847 3918 157
868 3870 897 3918 et
916 3870 963 3930 553
983 3864 1066 3932 Ebg.
1085 3881 1133 3944 pg:
1156 3867 1195 3917 10.

170 3941 330 3994 Transitive
350 3945 523 4007 usurpantur
542 3941 577 3993 ab
590 3938 627 3991 H.
642 3939 755 4002 scando,
775 3954 907 4005 propere,
928 3936 997 4001 alia;
1017 3936 1093 3987 idem
1113 3952 1135 3986 si
1155 3934 1249 3986 verbis

81 4013 214 4066 affectum
242 4010 469 4082 significantibus
497 4016 618 4065 accusat.
648 4010 792 4079 adjungit,
821 4026 878 4060 non
899 4008 959 4074 jam
984 4005 1113 4073 exempla
1133 4005 1250 4057 exhibet

81 4102 246 4222 lnSlgnilaei.
266 4153 353 4206 Hahn
373 4173 419 4223 pg.
440 4160 472 4208 ab
493 4156 557 4208 coll.
577 4174 624 4224 pg.
645 4159 669 4209 5,

172 4225 195 4294 ³)
209 4225 250 4278 cf.
270 4224 335 4278 Kel.
353 4244 401 4293 pg.
421 4230 454 4281 34
468 4244 527 4294 sqq.

170 4297 192 4367 ⁴)
212 4296 247 4348 de
267 4297 403 4363 exemplis
424 4297 604 4364 quibusdam,
634 4311 706 4362 quae
726 4293 852 4351 dativum
873 4288 1027 4360 praebent,
1048 4289 1082 4344 cf.
1102 4289 1190 4346 Haas.
1210 4290 1250 4358 H,

80 4386 127 4446 pg.
148 4373 181 4427 73
201 4368 266 4428 coll.
288 4384 335 4442 pg.
357 4371 414 4425 126,
436 4368 440 4372 ’
