3120 4838
687 179 733 203 -,
776 143 796 208 9
843 179 885 187 .-

328 319 485 404 Sequitur
586 318 716 382 dativus
864 319 1028 386 ablativus

497 423 780 458 μ--Ἒ--Ά
804 425 1086 460 μ--ὰ--κ

511 463 543 544 a)
562 483 644 544 pera
670 462 701 543 b)
726 464 771 524 rei
814 467 847 544 o)
867 485 949 545 pera.
975 465 1006 547 li)
1030 467 1075 528 rei

983 570 1137 662 jfornice

986 663 1098 734 lurna

349 746 485 831 expedio
982 754 1069 812 metu

350 838 446 902 exilio
982 835 1077 901 doino

350 932 441 991 exsto
755 921 762 928 ⁴
981 946 1066 1008 aqua

348 1021 524 1098 extorqueo
547 1015 600 1079 cui

349 1104 486 1169 extraho
979 1103 1078 1168 turba

349 636 427 680 ΘΧΘΟ

287 1281 439 1364 Apparet
463 1281 565 1365 igitur
588 1281 775 1364 hujusmodi
799 1281 971 1347 verborum
988 1285 1188 1346 structuram
1204 1281 1367 1365 duplicem

201 1371 290 1454 apud
314 1369 359 1434 H.
385 1375 529 1449 exstare3
553 1371 635 1434 haec
657 1371 742 1435 enim
765 1393 879 1435 norma
903 1371 1057 1435 constitui
1080 1377 1205 1454 potest:

288 1458 451 1544 „Sequitur
481 1461 616 1533 (lotione,
649 1462 676 1522 ai
702 1471 799 1522 motus
827 1484 847 1522 a
865 1482 999 1544 persona
1017 1461 1238 1546 proficiendum
1269 1463 1370 1523 eodem

198 1552 288 1612 niodo
319 1570 354 1611 ea
382 1548 568 1610 substantiva
599 1572 675 1633 quae
700 1571 848 1632 pesonae
876 1549 939 1611 loco
966 1561 1152 1633 acuminatur·
1183 1560 1235 1610 ortt
1263 1549 1370 1611 trolnle

194 1660 343 1723 personae
365 1639 426 1698 nim
457 1639 608 1721 occipiunt
639 1638 693 1724 (ns.
718 1640 854 1720 perardua
877 1662 900 1699 a.
925 1662 952 1699 n.
984 1637 1110 1720 elesino),
1148 1648 1368 1700 construuntur.

199 1729 381 1789 Adcelerant
411 1749 479 1788 vero
510 1727 599 1790 verba
626 1721 679 1788 illa
703 1750 805 1788 nosram
835 1738 966 1800 seratam,
1003 1729 1030 1789 ai
1055 1750 1116 1789 non
1133 1743 1295 1812 persona
1318 1729 1371 1790 aed

198 1840 254 1879 rec
278 1819 319 1879 eis
343 1816 486 1900 arljnncto
509 1826 584 1880 est.“
1290 1881 1291 1892 χ

288 1903 488 1969 Addendum
527 1910 577 1968 est
619 1910 757 1988 utroque
795 1907 866 1969 loco
908 1906 1181 1988 praepositionem
1216 1905 1370 1988 usurpari

200 2015 310 2078 posse:
335 1991 422 2075 quod
446 1993 524 2074 quia
548 2013 606 2075 per
629 2015 662 2059 se
686 1996 767 2059 satis
791 1995 824 2059 in
847 2001 1001 2077 promptu
1025 2000 1082 2075 est,
1107 2016 1172 2058 non
1191 1993 1295 2059 habeo
1312 2016 1370 2059 cur

199 2083 346 2165 exempla
369 2083 586 2165 omniaquae
610 2083 763 2166 legantur
787 2085 820 2148 in
844 2088 1018 2166 conspectu
1041 2105 1169 2166 ponam.

288 2171 408 2255 Itaque
425 2171 482 2253 qui
498 2170 560 2234 loci
576 2172 670 2237 nobis
695 2173 810 2237 incerti
833 2172 993 2252 videntur,
1018 2194 1056 2237 ex
1082 2173 1235 2256 analogia
1258 2193 1370 2237 eorum

199 2262 256 2343 qui
280 2262 367 2325 omni
387 2259 561 2324 locutionis
582 2260 788 2325 dubitatione
804 2267 930 2343 vacant,
956 2269 1042 2326 recte
1059 2261 1202 2345 intellegi
1218 2267 1368 2345 possunt3

116 2389 119 2394 ι
197 2355 274 2414 sunt
296 2370 373 2414 vero
396 2348 477 2413 haec
500 2348 614 2414 rerba:

424 2471 459 2559 1)
482 2473 610 2539 verba
635 2497 721 2540 cum
748 2479 805 2556 „a“
831 2498 969 2559 praep.
994 2496 1147 2558 compp.

329 2579 485 2664 Sequitur
587 2581 718 2646 dativus
864 2581 1028 2647 ablativus

495 2687 776 2721 μ--ικ--η
802 2686 1083 2723 ae—-st--s

507 2729 539 2806 a)
559 2747 641 2808 pera
667 2725 700 2809 b)
723 2728 768 2788 rei
812 2731 844 2808 a)
864 2747 946 2809 perc.
972 2725 1003 2806 b)
1028 2727 1073 2787 rei

349 2830 430 2896 abeo
537 2830 686 2914 superbis

347 2919 445 3004 abigo
971 2920 1076 3003 epulis

350 3009 510 3094 abrumpo
547 3008 704 3073 Perithoo

349 3098 504 3163 abscindo
973 3098 1065 3163 soldo

348 3186 473 3252 absisto
971 3187 1058 3252 bello

348 3276 514 3341 absterreo
972 3278 1062 3341 vitiis

349 3364 462 3429 absum
607 3360 610 3365 ’
971 3366 1095 3430 chartis

348 3453 461 3518 aufero
546 3455 733 3521 fautoribus

348 3563 463 3607 averro
975 3565 1085 3608 mensa

467 3651 470 3656 ’
1003 3633 1115 3713 lucris,

351 3683 461 3742 averto
1172 3723 1178 3735 .

1005 3729 1197 3787 mercaturis

406 3847 819 3931 2)verba011m„de“
846 3867 1164 3930 praepcompp.

352 3997 470 4062 decedo
518 3956 668 4051 iperitis’
974 4022 1098 4064 summo

521 4052 530 4123 l
542 4043 703 4128 Hymetto

351 4130 480 4196 decutio
969 4133 1060 4200 silvis

970 4230 986 4379 p
1002 4221 1102 4321 silniS,

1003 4329 1111 4376 auimo

350 4264 474 4361 deduco
