3120 4838
157 411 314 482 »Parios
343 435 420 507 ego
449 411 585 505 primus
615 413 764 483 iambos

154 538 319 610 Ostendi
349 539 470 625 Latio
503 564 673 610 numeros
701 541 920 635 animosque
961 555 1109 613 secutus

156 663 385 745 Archilochi.
417 690 492 739 non
519 692 581 738 res
609 684 649 738 et
676 669 826 763 agentia
852 669 968 740 verba
997 667 1246 762 Lycamben«

48 793 96 865 ab
132 793 209 865 hoc
246 819 315 865 nos
352 795 385 865 in
415 795 669 889 comparando
698 796 879 889 proficisci
908 812 1068 890 oportet

157 957 285 1052 Atque
314 957 466 1052 primum
487 958 645 1052 quidem,
673 975 713 1028 ut
741 983 808 1052 par
835 975 904 1033 est.
931 960 980 1030 de
1001 959 1167 1030 trimetro
1188 958 1347 1029 iambico

52 1085 206 1172 dicatur,
246 1085 307 1180 qui
337 1100 460 1156 exstat
493 1087 592 1180 apud
623 1086 815 1158 Horatium
851 1087 886 1157 in
922 1112 981 1181 ep.
1024 1108 1157 1158 1—-10,
1200 1108 1255 1157 11.
1292 1090 1350 1156 16.

59 1234 113 1304 17,
138 1213 239 1308 apud
260 1210 444 1285 Catullum
474 1212 507 1283 in
536 1239 646 1285 carm.
675 1238 708 1304 4.
742 1238 799 1303 29.
831 1236 890 1305 52.
920 1212 1182 1297 Archilochus,
1213 1229 1252 1284 ut
1280 1211 1358 1285 reli-

53 1342 114 1437 qui
148 1358 289 1436 poetae
318 1341 467 1423 Graeci,
504 1341 538 1412 in
572 1341 691 1435 primo
720 1343 830 1413 tertio
862 1343 987 1437 quinto
1015 1341 1171 1437 pedibus
1201 1340 1352 1412 trimetri

54 1469 263 1564 spondeum
293 1468 458 1553 admisit;
489 1469 587 1541 idem
615 1468 778 1563 syllabas
812 1472 945 1565 longas
974 1469 1156 1542 interdum
1185 1466 1292 1540 solvit
1320 1484 1357 1539 et

54 1596 91 1668 in
116 1596 321 1669 nominibus
349 1598 506 1691 propriis
535 1599 579 1671 cl.
609 1599 648 1681 lr,
680 1623 737 1671 20.
761 1621 858 1691 25,1.
883 1604 929 1669 26
951 1616 988 1671 et
1007 1599 1043 1669 in
1072 1595 1148 1669 aliis
1167 1593 1355 1669 vocabulis

57 1726 102 1797 cl.
130 1725 167 1797 ft.
199 1750 301 1814 21‚4.
326 1747 421 1817 25.3.
453 1731 513 1816 46.
570 1726 691 1818 Quem
719 1727 893 1798 Horatius
923 1750 1075 1822 prorsus
1105 1725 1264 1798 imitatus
1294 1741 1353 1795 est

56 1853 91 1925 in
117 1879 176 1948 ep.
212 1876 352 1971 1—1p.
391 1876 444 1924 [ι.
481 1878 541 1946 17:
572 1881 654 1927 nam
683 1856 715 1926 in
744 1855 800 1926 his
829 1856 862 1926 in
894 1857 966 1947 278
998 1852 1170 1925 trimetris

159 2052 194 2124 in
421 2077 431 2123 r
564 2078 581 2123 2
709 2078 728 2146 3
856 2079 879 2142 4
1005 2075 1023 2144 5
1146 2050 1304 2146 pedibus

56 2180 244 2276 spondeus
362 2180 489 2271 rr7ies
545 2225 594 2234 --
657 2183 783 2271 172ies
839 2226 887 2234 --
953 2180 1079 2271 142ies

59 2292 222 2403 dabtylus
407 2307 487 2395 pies
553 2354 594 2362 -
692 2326 750 2381 ter
842 2353 890 2362 --
988 2350 1037 2361 --

58 2452 281 2531 anapaestus
393 2452 450 2507 ter
546 2481 595 2489 —
699 2482 748 2491 -
845 2482 894 2491 -—
941 2453 1073 2531 quater

56 2564 259 2658 tribrachys
370 2562 485 2636 semel
522 2565 622 2636 tries
683 2565 760 2656 5ies
836 2566 891 2637 bis
986 2608 1036 2619 -

57 2726 286 2800 inveniuntur
314 2741 354 2799 et
388 2725 607 2800 solutionum
643 2754 730 2822 pars
766 2729 799 2800 in
828 2729 974 2800 nomina
1003 2726 1170 2822 propria,
1209 2746 1295 2820 pars
1322 2723 1356 2795 in

59 2852 126 2927 alia
152 2853 339 2928 voeabula
367 2855 477 2929 cadit.

159 3019 247 3111 Qua
277 3045 300 3089 a
329 3018 471 3090 ratione
501 3018 646 3113 epodus
669 3024 711 3090 16
742 3018 849 3114 plane
880 3020 1066 3092 abhorret.
1126 3016 1221 3090 Nam
1250 3017 1285 3087 in
1307 3038 1353 3108 33

58 3145 227 3220 trimetris
255 3146 364 3240 hujus
394 3145 561 3218 carminis
590 3145 766 3220 Horatius
802 3149 948 3221 omnino
977 3148 1032 3220 bis
1067 3145 1241 3243 spondeo
1269 3169 1355 3215 usus

11 3354 13 3377 Ι
60 3291 123 3361 est,
166 3272 287 3347 semel
319 3274 429 3346 tertio
463 3276 571 3346 loco:
607 3275 765 3348 Etrusca
797 3303 831 3348 ν.
867 3302 901 3368 4,
931 3273 1047 3349 semel
1089 3273 1207 3369 primo
1250 3268 1354 3343 loco:

11 3404 13 3409 ’
59 3400 214 3475 Etrusca
242 3429 277 3475 v.
300 3425 368 3492 403
397 3416 561 3475 ceterum
582 3428 732 3498 semper
752 3430 863 3500 puros
887 3405 1030 3477 iambos
1051 3402 1185 3499 posuit.
1241 3398 1356 3493 Quod

62 3551 145 3603 casu
180 3531 320 3603 sactum
355 3554 440 3601 esse
475 3531 617 3626 nequit,
658 3554 738 3602 cum
767 3533 987 3626 praesertim
1016 3528 1178 3603 Catullus
1206 3552 1356 3623 quoque

60 3654 94 3727 in
118 3684 148 3730 c.
178 3683 202 3746 4
233 3673 273 3730 et
304 3681 350 3746 29
380 3681 451 3729 non
480 3658 547 3729 nisi
576 3683 688 3754 puros
715 3659 859 3731 iambos
888 3659 1088 3732 admiserit.

11 3846 16 3875 ¹
160 3821 242 3894 Sed
271 3845 363 3893 cave
383 3839 494 3917 putes
513 3820 707 3894 Horatium
735 3823 771 3895 id
792 3823 951 3897 sortasse
976 3822 1120 3905 fecisse,
1150 3817 1233 3913 quia
1260 3817 1355 3890 hanc

60 3948 211 4023 trimetri
237 3948 391 4021 formam
419 3974 487 4045 pro
518 3950 769 4045 antiquissima
807 3952 974 4037 haberet,
1018 3949 1118 4046 quod
1161 3969 1244 4018 eum
1287 3945 1355 4019 sibi

58 4077 290 4171 persuasisse
319 4102 366 4149 ex
392 4077 497 4173 epist.
525 4078 555 4149 ll
585 4101 616 4170 3,
655 4104 672 4148 2
679 4085 860 4170 51-262
886 4102 1076 4177 perverse,
1104 4093 1143 4148 ut
1167 4073 1250 4145 mihi
1278 4073 1354 4169 qui-

12 4176 15 4245 l
57 4205 139 4279 dem
167 4206 322 4289 videtur,
351 4205 583 4302 interpretes
612 4221 705 4301 quot
737 4207 890 4303 inspexi,
925 4231 1055 4280 omnes
1098 4220 1137 4276 et
1174 4200 1355 4274 Christius

12 4332 14 4415 l
54 4334 77 4406 l.
103 4332 124 4405 l.
152 4359 191 4429 p.
224 4337 299 4425 336
329 4331 599 4408 concluserunt.
654 4332 782 4429 Atque
810 4336 915 4431 primi
942 4352 1018 4408 tres
1043 4334 1151 4431 hujus
1178 4325 1249 4401 loci
1276 4356 1356 4403 ver-

12 4450 14 4569 i
61 4486 124 4535 sus
152 4462 340 4557 perspicui
377 4479 472 4537 sunt.
536 4461 710 4535 Horatius
743 4462 838 4535 enim
869 4465 948 4539 huic
978 4462 1103 4537 versui
1133 4458 1313 4557 quamuis
1343 4484 1370 4529 e
