3120 4838
716 191 757 255 37
799 268 843 273 ..

82 387 242 460 formam
277 391 385 463 etiam
421 391 469 461 ab
497 389 724 464 Archilocho
754 393 789 462 in
819 418 920 463 usum
956 407 1127 463 vocatam
1166 418 1264 480 esse,
1306 417 1387 463 cum
1462 418 1466 426 ·

83 542 154 588 nec
184 516 402 614 fragmentis
431 520 587 591 servatis
616 546 687 592 nec
716 521 950 592 metricorum
981 518 1038 591 vel
1065 520 1388 613 grammaticorum

82 662 256 717 veterum
295 646 511 719 testimoniis
553 649 870 743 comprobaretur,
904 647 1155 742 Westphalins
1185 648 1213 718 ll
1244 658 1318 739 506
1355 648 1388 719 ei

85 790 230 846 temere
259 775 417 847 tribuere
448 800 523 847 nou
552 775 727 848 debebat.
783 776 895 847 lnnno
923 801 1012 846 vero
1032 802 1113 847 cum
1144 776 1263 848 omnia
1292 802 1388 871 quae

85 903 166 998 ipse
204 903 458 999 Westphalius
499 904 616 988 affert,
659 905 763 976 huius
799 903 905 976 metri
953 906 1125 999 exempla
1166 905 1388 999 posterioris

88 1031 237 1103 demum
264 1033 440 1126 temporis
470 1047 508 1103 et
534 1034 713 1128 pleraque
744 1032 1018 1104 Alexandrinae
1052 1033 1186 1105 aetatis
1223 1032 1313 1121 siut3
1352 1049 1390 1104 et

85 1185 166 1231 cum
196 1160 338 1255 reliqua
366 1175 494 1248 metra,
535 1186 630 1255 quae
668 1161 772 1232 huius
807 1160 956 1255 generis
994 1161 1095 1255 apud
1130 1159 1389 1234 Archilochum

84 1288 323 1373 inveniuntur,
353 1305 476 1362 aetate
503 1287 755 1361 Alexandrina
779 1289 858 1384 jam
885 1289 964 1361 fere
983 1314 1161 1383 nusquam
1184 1307 1387 1377 occurrant,

82 1417 167 1512 jure
198 1415 367 1489 concludi
395 1444 510 1513 posse
538 1417 694 1505 videtur,
724 1415 980 1488 Archilochum
1012 1416 1233 1489 hexametro
1261 1418 1388 1513 dacty-

85 1544 157 1616 lico
186 1569 270 1616 cum
297 1546 462 1618 trimetro
492 1546 646 1617 iambico
678 1545 876 1641 conjuncto
898 1545 1045 1617 omnino
1066 1571 1168 1617 nsum
1192 1572 1264 1618 non
1288 1572 1387 1634 esse,

87 1673 157 1744 sed
184 1672 282 1745 hunc
311 1673 473 1769 epodum
502 1674 708 1768 posteriore
747 1674 894 1745 demum
930 1691 1098 1768 tempore
1135 1690 1251 1746 ortum
1287 1700 1385 1749 esse.

85 1802 134 1873 Et
163 1801 349 1874 sententia
375 1827 460 1874 mea
488 1803 642 1899 egregie
672 1828 718 1874 ea
747 1829 787 1874 re
817 1802 1059 1886 confirmatur,
1098 1802 1199 1897 quod
1236 1803 1388 1876 trimetri

82 1929 229 2000 iambici
258 1929 377 2001 forma
405 1930 438 2001 in
468 1955 540 2002 uno
571 1958 629 2026 ep.
656 1936 710 2016 16,
732 1958 842 2026 quem
864 1931 1021 2002 omnium
1043 1931 1196 2025 primum
1212 1931 1388 2005 Horatius

82 2057 242 2151 scripsit,
271 2058 318 2129 ab
345 2057 552 2130 Archilochi
583 2058 738 2147 ratione,
778 2074 817 2130 nt
850 2084 961 2151 supra
1000 2058 1239 2143 ostendimus,
1277 2062 1387 2154 plane

81 2184 275 2257 abhorret.
333 2184 442 2276 Quae
472 2211 550 2258 cum
577 2188 628 2259 ita
664 2187 743 2271 sint,
779 2187 837 2258 vix
874 2187 1048 2259 audacius
1082 2186 1263 2259 videbitur
1300 2213 1385 2260 con-

80 2313 255 2397 tendere,
297 2313 489 2386 Horatium
529 2316 563 2386 in
598 2314 703 2387 huius
742 2315 856 2410 epodi
895 2315 1162 2411 compositione
1205 2315 1385 2401 universa,

82 2443 188 2537 quod
218 2457 255 2514 et
274 2441 437 2515 Catullus
467 2458 506 2514 et
532 2442 644 2538 ipsius
663 2441 806 2514 Horatii
827 2445 1004 2538 aequales
1024 2442 1149 2514 lacere
1166 2443 1384 2545 solebant¹)‚

80 2585 223 2666 poetas
252 2567 523 2643 Alexandrinos
551 2572 728 2643 imitatum
757 2597 853 2656 esse,
888 2588 927 2644 ut
956 2572 990 2643 in
1026 2570 1189 2643 trimetro
1225 2570 1381 2645 forman·

80 2700 145 2784 do,
176 2700 278 2794 quod
306 2724 418 2794 supra
445 2699 609 2788 vidimuS,
639 2697 769 2771 Catulli
797 2700 955 2794 vestigia
983 2699 1128 2795 pressit.

192 2877 362 2950 Transeo
403 2880 451 2950 ad
492 2893 632 2950 sextum
674 2903 793 2974 genus
834 2878 1041 2973 epodorum
1079 2878 1323 2973 compositum
1361 2907 1382 2952 e

80 3008 252 3083 trimetro¹
278 3006 435 3079 iambico
462 3021 501 3079 et
527 3006 691 3078 trimetro
720 3004 903 3098 dactylico
930 3003 1146 3078 catalectico
1181 3007 1381 3102 conjuncto

82 3160 170 3207 cum
202 3133 359 3206 dimetro
386 3135 575 3207 trochaico
606 3133 821 3208 catalectico
851 3158 932 3206 curn
971 3134 1147 3222 anacrusi,
1183 3134 1286 3228 quod
1321 3163 1381 3209 ex-

81 3279 160 3336 stat
185 3263 223 3334 in
251 3288 310 3357 ep.
349 3287 402 3334 11.
459 3263 570 3335 Cuius
599 3288 678 3335 cum
707 3266 799 3335 alter
825 3289 954 3335 versus
993 3263 1040 3334 ab
1076 3260 1301 3335 Archilocho
1336 3265 1383 3337 in-

79 3406 216 3464 ventus
245 3391 302 3478 sit,
334 3391 418 3485 quin
447 3417 493 3463 ex
513 3393 649 3464 eodem
670 3408 786 3464 totum
805 3408 958 3465 metrum
979 3390 1154 3463 Horatius
1181 3390 1381 3465 imitatione

80 3519 321 3614 expresserit,
359 3519 506 3591 dubium
536 3546 622 3593 esse
665 3547 737 3593 non
777 3537 914 3616 potest.
976 3521 1045 3593 Cui
1079 3519 1240 3614 opinioni
1282 3519 1382 3614 quod

80 3648 205 3720 Diom.
238 3650 382 3739 528‚3o
409 3673 619 3743 repugnare
649 3649 802 3729 videtur,
833 3674 937 3721 mero
966 3650 1043 3722 eius
1079 3672 1205 3719 errore
1245 3646 1381 3719 lactum

82 3803 181 3861 esse,
209 3801 321 3871 supra
349 3775 696 3850 demonstravimus.

190 3933 337 4005 Deinde
366 3933 400 4004 in
429 3959 486 4028 ep.
524 3956 565 4025 13
596 3934 771 4007 Horatius
800 3947 915 4004 metro
944 3958 1030 4004 usus
1059 3946 1117 4002 est
1144 3933 1192 4004 ab
1219 3932 1301 4027 ipso
1330 3932 1379 4003 in-

79 4079 206 4134 vent0.
239 4061 283 4133 cs.
313 4063 331 4155 ξ
362 4083 395 4152 3.
451 4060 585 4156 Neque
612 4063 733 4137 inutile
759 4059 900 4134 videtur
929 4085 1095 4145 monere,
1127 4076 1265 4154 quanta
1299 4077 1380 4133 arte

81 4188 259 4262 Horatius
287 4189 359 4261 hoc
388 4205 541 4263 metrum
570 4191 757 4263 novaverit
784 4206 997 4285 quantaque
1034 4185 1222 4282 diligentia
1258 4214 1379 4262 exem-

189 4480 209 4549 ¹)
227 4481 266 4530 Cf.
287 4482 318 4534 L.
340 4482 455 4533 Mueller.
476 4484 522 4533 Rei
541 4485 659 4531 metricae
678 4490 744 4548 poet.
758 4483 814 4531 Lat.
836 4480 1010 4532 summarium.
1032 4478 1173 4549 (l'etropoli
1194 4480 1274 4546 tllqssl
1290 4498 1320 4544 q.
1340 4495 1386 4540 Q.
