3120 4838
716 180 758 244 27

392 383 416 474 ξ
442 380 480 454 4.
535 380 594 452 De
620 383 799 454 versibus
826 382 1074 474 loqaoedicis.

500 505 545 576 A.
600 499 965 603 simplicibus.

192 634 399 706 Dimetrum
439 633 657 729 dactylicum
696 660 778 707 cum
813 636 963 732 dipodia
991 628 1180 707 trochaica
1207 634 1378 728 conjunc-

78 779 168 845 tum,
190 762 252 857 qui
273 779 424 856 quartus
445 778 483 834 ut
501 788 629 835 versus
649 765 824 859 strophae
846 762 1020 836 Alcaicae
1040 777 1108 845 est,
1135 762 1187 835 ita
1205 759 1382 835 Alcaicus

80 887 349 983 decasyllabus
404 892 581 985 appellari
639 889 736 964 solet
789 892 832 964 cf.
872 891 1077 987 Hephaest.
1123 915 1154 964 c.
1192 909 1211 979 7
1254 916 1291 984 p.
1334 901 1393 983 25'

81 1018 176 1091 hlar.
211 1017 346 1089 Victor.
383 1042 468 1102 111,
510 1043 575 1110 31,
612 1019 788 1093 Horatius
817 1044 965 1115 prorsus
995 1045 1041 1091 ex
1069 1016 1289 1114 exemplaris
1327 1017 1381 1090 sui

82 1170 188 1217 more
219 1145 396 1219 formavit.
453 1147 580 1242 ltaque
614 1147 650 1221 in
686 1147 803 1242 prima
843 1162 879 1219 et
915 1147 1079 1219 secunda
1114 1145 1208 1219 sede
1245 1162 1383 1219 tantum

21 1322 25 1329 ·
82 1299 198 1369 puros
229 1272 410 1367 dactylos,
439 1274 474 1346 in
502 1276 609 1347 tertia
636 1300 750 1371 puros
778 1274 974 1348 trochaeos
1001 1274 1153 1348 admisit.
1211 1272 1381 1348 Ultimam

84 1426 216 1474 versus
245 1397 446 1495 syllabam,
477 1421 515 1474 nt
543 1406 578 1474 in
606 1404 771 1476 omnibus
799 1403 923 1476 metris
951 1402 1144 1499 ancipitem
1173 1428 1281 1490 esse,
1310 1427 1381 1474 non

88 1545 156 1617 est,
186 1530 291 1625 quod
318 1555 497 1602 moneam.

193 1744 268 1815 lam
296 1740 451 1815 dimeter
476 1742 688 1815 trochaicus
720 1742 932 1837 conjunctus
967 1769 1047 1815 cum
1075 1743 1202 1815 ordine
1229 1744 1382 1840 logaoe-

87 1873 171 1945 dico
215 1872 427 1968 simpliciter
467 1868 661 1965 dactylico·
694 1868 888 1965 dupliciter
929 1871 1115 1943 trochaico
1161 1868 1381 1957 acatalecto

88 2027 197 2097 quern
226 2025 375 2073 versum
404 1998 627 2093 Sapphicum
663 1996 1017 2094 hendecasyllabum
1045 2024 1180 2071 vocare
1206 2000 1381 2086 solemus,

87 2146 144 2201 ter
177 2129 356 2225 repetitur
390 2127 427 2198 in
462 2126 617 2222 stropha
653 2127 856 2221 Sapphica,
893 2153 966 2222 qua
999 2126 1156 2216 Horatii,
1191 2143 1230 2199 ut
1264 2128 1382 2198 semel

88 2282 308 2335 enumerem,
328 2255 485 2327 carmina
505 2255 714 2349 conscripta
731 2254 872 2327 habes:
900 2256 914 2326 l
938 2280 968 2326 2.
995 2278 1050 2326 ro.
1076 2279 1132 2328 12.
1158 2279 1214 2326 20.
1238 2277 1295 2324 22.
1319 2276 1380 2345 25.

91 2407 151 2477 30.
185 2409 243 2476 32.
275 2386 335 2476 38.
366 2383 394 2454 ll
426 2409 458 2456 2.
489 2406 524 2470 4.
556 2391 590 2455 6.
621 2385 653 2453 8.
687 2406 742 2455 10.
776 2389 829 2455 16.
858 2382 901 2454 ΙΙΙ
930 2386 964 2457 8.
992 2408 1047 2456 11.
1073 2406 1128 2474 ¹4·
1156 2384 1212 2454 18.
1237 2404 1293 2453 20.
1322 2405 1381 2453 22.

94 2532 151 2603 27.
180 2512 230 2583 lV
254 2538 285 2584 2.
305 2518 338 2586 6.
368 2537 423 2584 11.
452 2537 562 2583 carm.
592 2507 735 2594 saecul,
765 2509 897 2583 Catulli
926 2537 956 2583 c.
991 2535 1027 2582 11
1064 2527 1103 2583 et
1132 2531 1190 2603 51.
1232 2508 1381 2580 Nomen

88 2640 300 2735 Sapphicae
336 2666 424 2712 vero
459 2639 540 2711 huic
574 2639 752 2734 strophae
792 2639 955 2713 additum
994 2655 1068 2724 est,
1102 2639 1187 2735 quia
1223 2635 1381 2731 Sappho

89 2792 170 2839 earn
208 2767 397 2864 insigniter
427 2767 670 2840 adamaverat
701 2770 807 2862 (nunc
834 2783 957 2840 exstat
984 2767 1126 2863 Sapph.
1156 2766 1196 2840 lr.
1229 2762 1384 2857 1—26),

88 2919 165 2966 non
194 2895 280 2989 quia
307 2895 517 2985 invenerat3
547 2897 617 2968 sed
646 2920 727 2966 curn
754 2893 919 2968 Alcaeus
955 2913 993 2967 et
1026 2894 1127 2990 ipse,
1162 2918 1383 2991 quamquam

91 3024 205 3095 rarius
240 3050 287 3096 ea
319 3049 406 3095 usus
440 3041 543 3096 esset
580 3023 637 3119 (cl.
670 3023 711 3096 fr.
742 3047 775 3115 5.
809 3032 856 3114 36
889 3026 969 3123 77),
1008 3023 1075 3093 utri
1106 3020 1282 3096 inventori
1317 3021 1382 3093 ad-

90 3150 290 3223 scribenda
310 3168 420 3233 esset,
443 3151 518 3247 jam
538 3150 695 3245 antiquis
715 3151 941 3247 temporibus
961 3151 1206 3224 dubitabatur.
1248 3149 1292 3219 cs.
1308 3146 1384 3220 He-

89 3279 234 3374 phaest.
263 3305 294 3351 c.
330 3304 373 3367 14
401 3306 434 3375 p.
463 3303 511 3369 44
543 3281 597 3351 W.
629 3281 703 3349 ’ἐστι
732 3282 770 3349 di
797 3285 854 3349 καὶ
884 3278 963 3375 παρ’
991 3277 1126 3375 Ἀλκαίῳ
1154 3285 1209 3349 καὶ
1237 3273 1382 3367 ἄδηλον,

90 3402 265 3501 ὁποτέρου
293 3410 389 3505 ἐστὶ-ι·
417 3402 563 3501 εὕρημα,
592 3411 623 3479 εἰ
649 3412 707 3478 καὶ
725 3406 911 3497 Σαπφικόν
938 3413 1107 3480 καλειται.
1146 3407 1255 3479 Caes.
1276 3405 1382 3478 Bass,

93 3540 255 3627 266,253
292 3550 330 3606 ut
364 3532 421 3606 alii
458 3536 544 3607 artis
581 3533 754 3606 metricae
792 3533 995 3629 scriptores
1030 3532 1149 3606 Latini
1181 3560 1202 3605 e
1238 3529 1384 3605 libidine

90 3664 201 3735 modo
237 3660 417 3734 Alcaeum
459 3662 504 3736 cs.
545 3662 638 3734 Mar.
676 3659 817 3735 Victor.
867 3663 1025 3747 161‚18‚
1068 3660 1182 3733 modo
1225 3658 1382 3753 Sappho

90 3789 133 3861 cf.
174 3789 297 3860 Diom.
342 3791 481 3881 508‚22
526 3791 753 3862 inventorem
794 3788 1030 3861 nominarent.
1091 3787 1204 3879 Quod
1244 3785 1382 3860 idcirco

90 3942 237 3998 mone0,
268 3942 314 3989 ne
343 3918 398 3989 cui
425 3915 586 3990 labefieri
615 3917 785 3990 videatur
813 3917 851 3987 L.
870 3916 1036 3988 Muelleri
1062 3916 1246 3988 sententia
1278 3916 1381 4010 (edit.

89 4044 220 4119 Horat.
250 4047 368 4140 praes.
403 4073 439 4141 p.
470 4044 622 4141 LXVI),
654 4046 713 4140 qui
747 4043 877 4116 Alcaei
912 4043 1144 4138 potissimum
1179 4042 1382 4118 imitatione

89 4173 282 4247 Horatium
320 4190 438 4246 metra
479 4173 592 4269 lyrica
626 4173 736 4246 Latio
777 4170 937 4245 intulisse
968 4186 1090 4267 putat,
1133 4189 1172 4246 ut
1206 4172 1382 4269 Sapphus

89 4306 297 4400 exemplum
331 4299 393 4375 vel
420 4301 669 4375 Anacreontis
706 4327 778 4375 non
814 4303 907 4374 ultra
941 4299 1118 4383 flosculos
1152 4301 1210 4374 hic
1238 4288 1313 4375 illie‘
1334 4302 1382 4376 de

90 4430 311 4505 carminibus
345 4456 470 4504 eorum
510 4445 709 4525 excerptos
745 4442 1062 4526 repraesentaret3
1100 4475 1149 4484 -—
1187 4457 1254 4503 suo
1290 4432 1392 4526 iure„
