3120 4838
804 190 843 254 ro

719 283 930 292 -α

175 406 253 478 aliis
275 406 503 479 manifestum
523 421 590 485 est.
620 406 794 501 equidem
823 406 906 477 mihi
933 406 1160 501 persuadere
1198 428 1269 474 non
1307 426 1479 496 possum.

176 533 271 606 Nam
301 558 346 605 ea
373 533 526 606 trimetri
555 532 713 617 libertas,
755 558 823 629 per
865 559 972 628 quam
1007 533 1040 604 in
1079 531 1229 603 sedibus
1271 531 1480 625 imparibus

177 661 366 755 spondeus
402 661 553 755 ponitur,
590 661 839 756 antiquissima
863 676 901 733 et
925 660 1084 757 genuina
1114 674 1171 733 est
1200 674 1237 729 et
1263 659 1349 730 inde
1380 674 1479 731 orta.

177 789 280 883 quod
322 814 344 859 e
385 788 498 859 tribus
530 788 690 884 dipodiis
724 814 856 861 versus
890 787 1093 862 concrevit:
1129 826 1149 866 r·
1183 783 1188 887 Ι
1223 830 1273 839 -
1308 814 1331 856 e
1366 829 1420 839 —-
1453 787 1480 864 b

179 912 263 1017 Ι-
292 943 314 985 r·
342 960 393 968 -
426 917 447 991 il
472 913 476 1014 Ι
502 962 552 968 -
582 944 604 985 n
632 953 697 1030 ἶ.
759 916 949 988 Horatium
992 932 1113 988 autem
1154 941 1226 987 non
1261 942 1282 987 e
1320 911 1480 1008 singulis
1521 962 1524 971 ·

176 1082 243 1129 sex
270 1057 439 1152 pedibus
470 1059 697 1153 quodetiam
717 1082 812 1131 nunc
834 1059 1009 1131 Christius
1029 1061 1050 1131 l.
1071 1060 1093 1131 l.
1114 1084 1149 1152 p.
1173 1080 1244 1150 335
1268 1082 1474 1152 perperam

175 1185 378 1273 contendit,
408 1185 476 1257 sed
505 1211 525 1258 e
556 1187 671 1259 tribus
700 1186 858 1282 dipodiis
887 1188 1083 1258 trimetrum
1102 1185 1292 1258 formatum
1312 1202 1475 1280 putasse

175 1337 257 1385 cum
285 1339 398 1409 supra
421 1313 522 1407 justa
551 1340 609 1386 vv.
643 1340 659 1384 2
668 1336 796 1405 51—2
804 1336 822 1406 5
831 1337 851 1405 3
881 1304 1183 1409 interpretatione
1212 1314 1308 1384 viros
1330 1313 1472 1384 doctos

175 1455 322 1514 secutus
350 1441 539 1513 effecerim
560 1446 597 1536 ¹),
634 1440 717 1514 nihil
746 1468 768 1514 a
795 1441 1102 1514 verisimilitudine
1131 1442 1247 1538 magis
1276 1440 1473 1521 abhorret,

175 1595 285 1666 quam
326 1585 507 1656 statuere,
552 1571 708 1644 eundem
752 1575 855 1645 solos
896 1573 1039 1644 iambos
1075 1595 1188 1664 puros
1226 1593 1294 1663 pro
1333 1569 1476 1662 pedum

175 1697 293 1770 forma
316 1698 499 1793 principali
520 1698 702 1772 habuisse.
739 1701 807 1785 An,
827 1700 856 1772 si
875 1725 1010 1794 reapse
1030 1699 1103 1770 hoc
1121 1697 1189 1769 sibi
1208 1695 1473 1790 persuasisset,

175 1825 209 1897 in
238 1850 310 1897 uuo
340 1826 450 1898 modo
480 1828 639 1899 carmine
667 1831 741 1922 (ep.
771 1833 828 1920 16)
856 1852 969 1922 puros
997 1827 1180 1898 trimetros
1199 1824 1475 1895 continuaturus

175 1968 271 2040 erat,
311 1968 350 2025 et
385 1954 420 2026 in
457 1977 505 2025 eo
542 1954 699 2048 quidem,
738 1956 839 2049 quod
876 1955 1033 2026 omnium
1065 1954 1217 2048 primum
1237 1953 1262 2045 2)
1303 1949 1477 2046 scripsit?

176 2080 347 2176 Denique
382 2106 455 2175 qua
487 2081 604 2154 fronte
635 2083 810 2155 Horatius
844 2108 939 2155 »non
968 2083 1019 2154 ita
1047 2082 1213 2176 pridemt
1246 2080 1321 2150 sive
1353 2104 1476 2174 nuper

176 2210 325 2282 demum
368 2209 562 2304 spondeos
600 2211 798 2306 imparibus
833 2209 925 2282 locis
961 2210 1112 2282 trimetri
1153 2208 1337 2280 admissos
1372 2233 1474 2288 esse,

178 2337 404 2410 contendere
442 2339 569 2434 potuit,
604 2365 696 2434 quos
728 2339 813 2410 inde
842 2339 889 2409 ab
917 2337 1129 2410 Archilochi
1155 2335 1354 2407 inventoris
1385 2351 1475 2406 tem·
1531 2386 1536 2391 -

177 2465 328 2562 poribus
353 2492 501 2562 semper
529 2467 564 2538 in
593 2493 659 2538 usu
692 2468 805 2539 fuisse
834 2467 997 2538 sciebat?
1025 2466 1061 2538 id
1092 2465 1187 2537 enim
1215 2487 1337 2556 neque
1367 2487 1475 2549 uer0,

177 2593 279 2690 quod
306 2596 384 2667 vult
413 2592 581 2678 OrelliuS,
610 2595 794 2666 trimetros
821 2620 933 2690 puros
967 2620 1075 2666 »esse
1103 2591 1277 2664 debuisse
1306 2605 1344 2662 et
1371 2590 1477 2662 initio

177 2722 341 2795 sortasse
370 2722 507 2794 luisse«
541 2721 716 2799 Horatius
745 2739 875 2817 aperte
904 2721 1168 2794 contendisset.

284 2850 342 2922 Ne
350 2848 500 2946 longum
510 2850 651 2940 faciam,
662 2850 787 2947 quoad
802 2875 895 2938 eam,
907 2876 1004 2945 quae
1015 2847 1128 2942 vulgo
1136 2848 1249 2918 fertur
1263 2847 1477 2943 interpunc-

178 2954 315 3051 tionem
350 2992 541 3051 teneamus
575 3002 657 3050 cum
691 2979 809 3075 magis
838 2976 1030 3074 magisque
1058 2974 1329 3047 difficultatibus
1357 2976 1478 3072 impli-

181 3127 323 3189 cemur,
356 3105 532 3201 equidem
568 3132 644 3178 non
680 3108 817 3191 dubito,
854 3106 937 3200 quin
986 3106 1037 3176 ita
1077 3103 1197 3197 potius
1233 3119 1331 3174 totus
1368 3104 1480 3179 locus

183 3231 463 3329 distinguendus
492 3234 552 3306 sit:

237 3357 411 3455 »Syllaba
439 3360 552 3459 longa
578 3363 680 3435 brevi
708 3361 876 3455 subjecta
902 3376 1052 3433 vocatur
1078 3361 1227 3433 iambus.

237 3486 332 3560 »Pes
358 3489 466 3573 citus;
495 3490 593 3563 unde
622 3492 734 3564 etiam
763 3490 932 3563 trimetris
961 3514 1182 3562 accrescere
1207 3489 1317 3585 jussit

238 3614 407 3689 »Nomen
435 3618 598 3707 iambeiS‚
628 3646 710 3691 cum
739 3643 851 3692 senos
879 3618 1062 3690 redderet
1089 3619 1205 3690 ictus.-

236 3745 397 3822 »Primus
425 3747 474 3818 ad
503 3762 706 3820 extremum
733 3745 857 3819 similis
888 3746 955 3817 sibi
984 3771 1057 3818 non
1086 3747 1137 3818 ita
1166 3746 1322 3839 pridem,

240 3873 422 3947 »Tardior
449 3891 487 3946 ut
513 3872 624 3970 paulo
652 3875 874 3970 graviorque
903 3874 1045 3946 veniret
1071 3874 1121 3945 ad
1147 3898 1265 3957 aures,

243 4001 467 4096 ›Spondeos
496 4002 636 4074 stabilis
665 4003 701 4074 in
725 4003 808 4098 jura
835 4016 990 4097 paterna
1018 4001 1159 4094 recepit

182 4140 239 4150 κ..-
242 4145 446 4152 ...u——

294 4214 312 4284 'l
350 4217 388 4266 Cf.
409 4218 484 4266 etiam
503 4225 549 4266 sat.
568 4218 581 4265 Ι
603 4230 680 4282 1043
700 4218 766 4284 pede
785 4226 821 4267 ter
839 4230 966 4283 percusso

190 4348 191 4351 ,
289 4306 308 4379 ²)
347 4309 385 4358 Cf.
404 4308 504 4358 Franke
512 4309 581 4358 Fasti
594 4310 734 4360 Horatiani.
772 4311 881 4359 Berolini
904 4309 970 4372 1839
982 4327 1007 4375 p.
1021 4308 1143 4373 45,cujus
1155 4310 1275 4374 temporis
1288 4310 1485 4378 descriptionem

183 4396 225 4467 (41
246 4418 270 4456 a.
289 4402 359 4470 Chr.)
378 4409 444 4450 recte
462 4417 529 4450 nunc
546 4402 658 4466 plerique
677 4409 821 4467 sequuntur,
841 4418 898 4451 cum
917 4402 1005 4466 injuria
1024 4402 1067 4450 alii
1085 4401 1152 4449 hunc
1170 4400 1282 4464 epodum
1295 4420 1363 4452 anno
1383 4416 1428 4454 aut
1449 4408 1483 4469 36

182 4500 225 4542 aut
246 4493 347 4562 32131
369 4511 391 4542 a.
411 4491 471 4542 Chr.
490 4493 607 4544 tribuant.
