<?xml version="1.0" encoding="UTF-8"?>
<!DOCTYPE html PUBLIC "-//W3C//DTD XHTML 1.0 Transitional//EN"
    "http://www.w3.org/TR/xhtml1/DTD/xhtml1-transitional.dtd">
<html xmlns="http://www.w3.org/1999/xhtml" xml:lang="en" lang="en">
 <head>
  <title>
</title>
<meta http-equiv="Content-Type" content="text/html;charset=utf-8" />
  <meta name='ocr-system' content='tesseract 3.04.00' />
  <meta name='ocr-capabilities' content='ocr_page ocr_carea ocr_par ocr_line ocrx_word'/>
</head>
<body>
  <div class='ocr_page' id='page_1' title='image "./deverborumcompo00horagoog/deverborumcompo00horagoog_0067.png"; bbox 0 0 3120 4838; ppageno 0'>
   <div class='ocr_carea' id='block_1_1' title="bbox 652 761 863 864">
    <p class='ocr_par' dir='ltr' id='par_1_1' title="bbox 652 761 863 864">
     <span class='ocr_line' id='line_1_1' title="bbox 652 761 863 864; baseline 0.009 -2"><span class='ocrx_word' id='word_1_1' title='bbox 652 761 863 864; x_wconf 80' lang='lat' dir='ltr'><strong>VITA.</strong></span> 
     </span>
    </p>
   </div>
   <div class='ocr_carea' id='block_1_2' title="bbox 705 935 811 943">
    <p class='ocr_par' dir='ltr' id='par_1_2' title="bbox 705 935 811 943">
     <span class='ocr_line' id='line_1_2' title="bbox 705 935 811 943; baseline 0 0"><span class='ocrx_word' id='word_1_2' title='bbox 705 935 811 943; x_wconf 63' lang='lat'><strong>——</strong></span> 
     </span>
    </p>
   </div>
   <div class='ocr_carea' id='block_1_3' title="bbox 167 1039 1400 3345">
    <p class='ocr_par' dir='ltr' id='par_1_3' title="bbox 167 1039 1348 1816">
     <span class='ocr_line' id='line_1_3' title="bbox 260 1039 1345 1106; baseline -0.002 -1"><span class='ocrx_word' id='word_1_3' title='bbox 260 1041 493 1106; x_wconf 86' lang='lat' dir='ltr'><strong>Ludovious</strong></span> <span class='ocrx_word' id='word_1_4' title='bbox 517 1040 686 1105; x_wconf 87' lang='lat' dir='ltr'><strong>Alexius</strong></span> <span class='ocrx_word' id='word_1_5' title='bbox 710 1039 997 1104; x_wconf 87' lang='lat' dir='ltr'><strong>Ferdinandns</strong></span> <span class='ocrx_word' id='word_1_6' title='bbox 1013 1039 1129 1104; x_wconf 86' lang='lat' dir='ltr'><strong>Teetz</strong></span> <span class='ocrx_word' id='word_1_7' title='bbox 1153 1044 1251 1104; x_wconf 90' lang='lat' dir='ltr'><strong>natus</strong></span> <span class='ocrx_word' id='word_1_8' title='bbox 1275 1061 1345 1104; x_wconf 90' lang='lat' dir='ltr'><strong>sum</strong></span> 
     </span>
     <span class='ocr_line' id='line_1_4' title="bbox 167 1127 1345 1212; baseline 0 -20"><span class='ocrx_word' id='word_1_9' title='bbox 167 1129 221 1192; x_wconf 89' lang='lat' dir='ltr'><strong>die</strong></span> <span class='ocrx_word' id='word_1_10' title='bbox 246 1130 370 1196; x_wconf 87' lang='lat' dir='ltr'><strong>XVII.</strong></span> <span class='ocrx_word' id='word_1_11' title='bbox 395 1153 436 1194; x_wconf 92' lang='lat' dir='ltr'><strong>m.</strong></span> <span class='ocrx_word' id='word_1_12' title='bbox 462 1130 546 1199; x_wconf 85' lang='lat' dir='ltr'><strong>Julii</strong></span> <span class='ocrx_word' id='word_1_13' title='bbox 570 1152 599 1193; x_wconf 88' lang='lat' dir='ltr'><strong>a.</strong></span> <span class='ocrx_word' id='word_1_14' title='bbox 625 1133 712 1194; x_wconf 79' lang='lat'>1860</span> <span class='ocrx_word' id='word_1_15' title='bbox 736 1128 964 1192; x_wconf 88' lang='lat' dir='ltr'><strong>Primislaviae</strong></span> <span class='ocrx_word' id='word_1_16' title='bbox 988 1130 1020 1193; x_wconf 89' lang='lat' dir='ltr'><strong>in</strong></span> <span class='ocrx_word' id='word_1_17' title='bbox 1044 1128 1125 1193; x_wconf 90' lang='lat' dir='ltr'><strong>urbe</strong></span> <span class='ocrx_word' id='word_1_18' title='bbox 1148 1127 1345 1212; x_wconf 83' lang='lat' dir='ltr'><strong>Ukaramar·</strong></span> 
     </span>
     <span class='ocr_line' id='line_1_5' title="bbox 167 1216 1346 1301; baseline 0.001 -20"><span class='ocrx_word' id='word_1_19' title='bbox 167 1217 298 1282; x_wconf 89' lang='lat' dir='ltr'><strong>chiensi</strong></span> <span class='ocrx_word' id='word_1_20' title='bbox 321 1226 418 1301; x_wconf 90' lang='lat' dir='ltr'><strong>patre</strong></span> <span class='ocrx_word' id='word_1_21' title='bbox 433 1218 612 1298; x_wconf 84' lang='lat' dir='ltr'><strong>Friderico,</strong></span> <span class='ocrx_word' id='word_1_22' title='bbox 638 1225 742 1281; x_wconf 86' lang='lat' dir='ltr'><strong>matre</strong></span> <span class='ocrx_word' id='word_1_23' title='bbox 758 1216 922 1281; x_wconf 85' lang='lat' dir='ltr'><strong>Guilelma</strong></span> <span class='ocrx_word' id='word_1_24' title='bbox 945 1238 962 1280; x_wconf 90' lang='lat' dir='ltr'><strong>e</strong></span> <span class='ocrx_word' id='word_1_25' title='bbox 986 1224 1081 1300; x_wconf 84' lang='lat' dir='ltr'><strong>gente</strong></span> <span class='ocrx_word' id='word_1_26' title='bbox 1104 1218 1239 1299; x_wconf 87' lang='lat' dir='ltr'><strong>Marsal,</strong></span> <span class='ocrx_word' id='word_1_27' title='bbox 1264 1240 1346 1301; x_wconf 89' lang='lat' dir='ltr'><strong>quos</strong></span> 
     </span>
     <span class='ocr_line' id='line_1_6' title="bbox 169 1306 1347 1390; baseline -0.001 -20"><span class='ocrx_word' id='word_1_28' title='bbox 169 1307 278 1371; x_wconf 84' lang='lat' dir='ltr'><strong>adhuc</strong></span> <span class='ocrx_word' id='word_1_29' title='bbox 309 1309 501 1390; x_wconf 82' lang='lat' dir='ltr'><strong>superstites</strong></span> <span class='ocrx_word' id='word_1_30' title='bbox 533 1330 600 1370; x_wconf 87' lang='lat' dir='ltr'><strong>esse</strong></span> <span class='ocrx_word' id='word_1_31' title='bbox 629 1329 724 1389; x_wconf 86' lang='lat' dir='ltr'><strong>quarn</strong></span> <span class='ocrx_word' id='word_1_32' title='bbox 759 1307 896 1370; x_wconf 81' lang='lat' dir='ltr'><strong>maxime</strong></span> <span class='ocrx_word' id='word_1_33' title='bbox 920 1307 1060 1388; x_wconf 69' lang='lat' dir='ltr'><strong>gaudem</strong></span> <span class='ocrx_word' id='word_1_34' title='bbox 1097 1306 1174 1370; x_wconf 86' lang='lat' dir='ltr'><strong>fidei</strong></span> <span class='ocrx_word' id='word_1_35' title='bbox 1197 1306 1347 1371; x_wconf 85' lang='lat' dir='ltr'><strong>addictus</strong></span> 
     </span>
     <span class='ocr_line' id='line_1_7' title="bbox 173 1396 1346 1479; baseline 0 -20"><span class='ocrx_word' id='word_1_36' title='bbox 173 1418 243 1460; x_wconf 93' lang='lat' dir='ltr'><strong>snm</strong></span> <span class='ocrx_word' id='word_1_37' title='bbox 268 1397 485 1479; x_wconf 85' lang='lat' dir='ltr'><strong>evangelicae.</strong></span> <span class='ocrx_word' id='word_1_38' title='bbox 533 1396 659 1471; x_wconf 80' lang='lat' dir='ltr'><strong>Novem</strong></span> <span class='ocrx_word' id='word_1_39' title='bbox 683 1417 784 1459; x_wconf 87' lang='lat' dir='ltr'><strong>annos</strong></span> <span class='ocrx_word' id='word_1_40' title='bbox 808 1402 914 1475; x_wconf 89' lang='lat' dir='ltr'><strong>natus,</strong></span> <span class='ocrx_word' id='word_1_41' title='bbox 939 1403 1114 1479; x_wconf 85' lang='lat' dir='ltr'><strong>postquam</strong></span> <span class='ocrx_word' id='word_1_42' title='bbox 1138 1397 1244 1478; x_wconf 88' lang='lat' dir='ltr'><strong>prima</strong></span> <span class='ocrx_word' id='word_1_43' title='bbox 1260 1396 1346 1460; x_wconf 89' lang='lat' dir='ltr'><strong>litte·</strong></span> 
     </span>
     <span class='ocr_line' id='line_1_8' title="bbox 172 1484 1346 1568; baseline -0.002 -19"><span class='ocrx_word' id='word_1_44' title='bbox 172 1507 286 1549; x_wconf 86' lang='lat' dir='ltr'><strong>rarum</strong></span> <span class='ocrx_word' id='word_1_45' title='bbox 308 1486 463 1549; x_wconf 86' lang='lat' dir='ltr'><strong>elementa</strong></span> <span class='ocrx_word' id='word_1_46' title='bbox 481 1485 605 1548; x_wconf 87' lang='lat' dir='ltr'><strong>inludo</strong></span> <span class='ocrx_word' id='word_1_47' title='bbox 622 1484 784 1549; x_wconf 87' lang='lat' dir='ltr'><strong>communi</strong></span> <span class='ocrx_word' id='word_1_48' title='bbox 800 1484 910 1565; x_wconf 83' lang='lat' dir='ltr'><strong>didici,</strong></span> <span class='ocrx_word' id='word_1_49' title='bbox 936 1485 969 1547; x_wconf 91' lang='lat' dir='ltr'><strong>in</strong></span> <span class='ocrx_word' id='word_1_50' title='bbox 982 1485 1127 1566; x_wconf 88' lang='lat' dir='ltr'><strong>patrium</strong></span> <span class='ocrx_word' id='word_1_51' title='bbox 1143 1485 1346 1568; x_wconf 82' lang='lat' dir='ltr'><strong>gymnasium</strong></span> 
     </span>
     <span class='ocr_line' id='line_1_9' title="bbox 170 1573 1348 1656; baseline -0.001 -19"><span class='ocrx_word' id='word_1_52' title='bbox 170 1581 323 1656; x_wconf 88' lang='lat' dir='ltr'><strong>receptus</strong></span> <span class='ocrx_word' id='word_1_53' title='bbox 359 1597 439 1647; x_wconf 82' lang='lat' dir='ltr'><strong>sum,</strong></span> <span class='ocrx_word' id='word_1_54' title='bbox 477 1574 562 1655; x_wconf 84' lang='lat' dir='ltr'><strong>quod</strong></span> <span class='ocrx_word' id='word_1_55' title='bbox 598 1596 700 1656; x_wconf 85' lang='lat' dir='ltr'><strong>nsque</strong></span> <span class='ocrx_word' id='word_1_56' title='bbox 735 1573 777 1637; x_wconf 89' lang='lat' dir='ltr'><strong>ad</strong></span> <span class='ocrx_word' id='word_1_57' title='bbox 809 1574 885 1636; x_wconf 88' lang='lat' dir='ltr'><strong>anni</strong></span> <span class='ocrx_word' id='word_1_58' title='bbox 916 1577 1000 1637; x_wconf 81' lang='lat'>1879</span> <span class='ocrx_word' id='word_1_59' title='bbox 1033 1579 1160 1656; x_wconf 91' lang='lat' dir='ltr'><strong>tempus</strong></span> <span class='ocrx_word' id='word_1_60' title='bbox 1184 1573 1348 1637; x_wconf 80' lang='lat' dir='ltr'><strong>autumate</strong></span> 
     </span>
     <span class='ocr_line' id='line_1_10' title="bbox 172 1661 1348 1745; baseline -0.001 -19"><span class='ocrx_word' id='word_1_61' title='bbox 172 1662 392 1745; x_wconf 74' lang='lat' dir='ltr'><strong>frequentavi:</strong></span> <span class='ocrx_word' id='word_1_62' title='bbox 418 1663 493 1726; x_wconf 88' lang='lat' dir='ltr'><strong>inde</strong></span> <span class='ocrx_word' id='word_1_63' title='bbox 517 1665 550 1727; x_wconf 92' lang='lat' dir='ltr'><strong>in</strong></span> <span class='ocrx_word' id='word_1_64' title='bbox 573 1664 777 1745; x_wconf 72' lang='lat' dir='ltr'><strong>gymnasium</strong></span> <span class='ocrx_word' id='word_1_65' title='bbox 787 1661 1165 1745; x_wconf 85' lang='lat' dir='ltr'><strong>Neobrandenburgense</strong></span> <span class='ocrx_word' id='word_1_66' title='bbox 1176 1661 1348 1726; x_wconf 90' lang='lat' dir='ltr'><strong>traductus</strong></span> 
     </span>
     <span class='ocr_line' id='line_1_11' title="bbox 176 1751 1176 1816; baseline 0.001 -2"><span class='ocrx_word' id='word_1_67' title='bbox 176 1773 260 1814; x_wconf 88' lang='lat' dir='ltr'><strong>anno</strong></span> <span class='ocrx_word' id='word_1_68' title='bbox 286 1752 318 1815; x_wconf 92' lang='lat' dir='ltr'><strong>h.</strong></span> <span class='ocrx_word' id='word_1_69' title='bbox 344 1775 368 1816; x_wconf 89' lang='lat' dir='ltr'><strong>s.</strong></span> <span class='ocrx_word' id='word_1_70' title='bbox 394 1757 436 1814; x_wconf 82' lang='lat'><strong>80</strong></span> <span class='ocrx_word' id='word_1_71' title='bbox 461 1753 659 1816; x_wconf 81' lang='lat' dir='ltr'><strong>maturitatis</strong></span> <span class='ocrx_word' id='word_1_72' title='bbox 684 1752 869 1816; x_wconf 85' lang='lat' dir='ltr'><strong>testimonio</strong></span> <span class='ocrx_word' id='word_1_73' title='bbox 893 1751 1073 1815; x_wconf 87' lang='lat' dir='ltr'><strong>instructus</strong></span> <span class='ocrx_word' id='word_1_74' title='bbox 1097 1773 1176 1815; x_wconf 91' lang='lat' dir='ltr'><strong>sum.</strong></span> 
     </span>
    </p>

    <p class='ocr_par' dir='ltr' id='par_1_4' title="bbox 173 1839 1349 2260">
     <span class='ocr_line' id='line_1_12' title="bbox 263 1839 1348 1923; baseline 0 -20"><span class='ocrx_word' id='word_1_75' title='bbox 263 1840 330 1905; x_wconf 88' lang='lat' dir='ltr'><strong>Per</strong></span> <span class='ocrx_word' id='word_1_76' title='bbox 354 1841 418 1904; x_wconf 90' lang='lat' dir='ltr'><strong>dno</strong></span> <span class='ocrx_word' id='word_1_77' title='bbox 442 1842 610 1905; x_wconf 87' lang='lat' dir='ltr'><strong>semestria</strong></span> <span class='ocrx_word' id='word_1_78' title='bbox 634 1879 675 1887; x_wconf 85' lang='lat'><strong>—</strong></span> <span class='ocrx_word' id='word_1_79' title='bbox 700 1842 886 1922; x_wconf 87' lang='lat' dir='ltr'><strong>interrupta</strong></span> <span class='ocrx_word' id='word_1_80' title='bbox 909 1839 1024 1918; x_wconf 72' lang='lat' dir='ltr'><strong>tribus</strong></span> <span class='ocrx_word' id='word_1_81' title='bbox 1051 1839 1169 1923; x_wconf 91' lang='lat' dir='ltr'><strong>quibus</strong></span> <span class='ocrx_word' id='word_1_82' title='bbox 1193 1840 1348 1904; x_wconf 89' lang='lat' dir='ltr'><strong>universi·</strong></span> 
     </span>
     <span class='ocr_line' id='line_1_13' title="bbox 173 1929 1349 1995; baseline 0 -3"><span class='ocrx_word' id='word_1_83' title='bbox 173 1929 253 1993; x_wconf 88' lang='lat' dir='ltr'><strong>tatis</strong></span> <span class='ocrx_word' id='word_1_84' title='bbox 282 1930 347 1995; x_wconf 88' lang='lat' dir='ltr'><strong>litt.</strong></span> <span class='ocrx_word' id='word_1_85' title='bbox 377 1930 625 1994; x_wconf 87' lang='lat' dir='ltr'><strong>Rostoehiensis</strong></span> <span class='ocrx_word' id='word_1_86' title='bbox 660 1930 779 1993; x_wconf 90' lang='lat' dir='ltr'><strong>scholis</strong></span> <span class='ocrx_word' id='word_1_87' title='bbox 814 1930 990 1992; x_wconf 82' lang='lat' dir='ltr'><strong>intereram</strong></span> <span class='ocrx_word' id='word_1_88' title='bbox 1014 1968 1057 1976; x_wconf 89' lang='lat'><em>-</em></span> <span class='ocrx_word' id='word_1_89' title='bbox 1081 1929 1115 1992; x_wconf 92' lang='lat' dir='ltr'><strong>in</strong></span> <span class='ocrx_word' id='word_1_90' title='bbox 1138 1929 1349 1993; x_wconf 86' lang='lat' dir='ltr'><strong>universitate</strong></span> 
     </span>
     <span class='ocr_line' id='line_1_14' title="bbox 174 2017 1348 2101; baseline 0.001 -21"><span class='ocrx_word' id='word_1_91' title='bbox 174 2018 348 2083; x_wconf 80' lang='lat' dir='ltr'><strong>Frivlerica</strong></span> <span class='ocrx_word' id='word_1_92' title='bbox 372 2017 539 2083; x_wconf 84' lang='lat' dir='ltr'><strong>Guilelma</strong></span> <span class='ocrx_word' id='word_1_93' title='bbox 562 2018 765 2082; x_wconf 87' lang='lat' dir='ltr'><strong>Berolinensi</strong></span> <span class='ocrx_word' id='word_1_94' title='bbox 798 2018 916 2082; x_wconf 91' lang='lat' dir='ltr'><strong>studiis</strong></span> <span class='ocrx_word' id='word_1_95' title='bbox 939 2018 1063 2081; x_wconf 86' lang='lat' dir='ltr'><strong>incubii</strong></span> <span class='ocrx_word' id='word_1_96' title='bbox 1086 2024 1118 2082; x_wconf 90' lang='lat' dir='ltr'><strong>et</strong></span> <span class='ocrx_word' id='word_1_97' title='bbox 1142 2017 1348 2101; x_wconf 87' lang='lat' dir='ltr'><strong>philologieis</strong></span> 
     </span>
     <span class='ocr_line' id='line_1_15' title="bbox 176 2105 1348 2188; baseline 0 -18"><span class='ocrx_word' id='word_1_98' title='bbox 176 2113 208 2170; x_wconf 91' lang='lat' dir='ltr'><strong>et</strong></span> <span class='ocrx_word' id='word_1_99' title='bbox 237 2107 428 2186; x_wconf 77' lang='lat' dir='ltr'><strong>tlieotliscis;</strong></span> <span class='ocrx_word' id='word_1_100' title='bbox 459 2107 573 2172; x_wconf 85' lang='lat' dir='ltr'><strong>deinde</strong></span> <span class='ocrx_word' id='word_1_101' title='bbox 604 2113 640 2171; x_wconf 90' lang='lat' dir='ltr'><strong>ut</strong></span> <span class='ocrx_word' id='word_1_102' title='bbox 671 2107 781 2172; x_wconf 84' lang='lat' dir='ltr'><strong>studia</strong></span> <span class='ocrx_word' id='word_1_103' title='bbox 808 2106 1018 2188; x_wconf 88' lang='lat' dir='ltr'><strong>absolverem,</strong></span> <span class='ocrx_word' id='word_1_104' title='bbox 1052 2107 1160 2172; x_wconf 88' lang='lat' dir='ltr'><strong>Halas</strong></span> <span class='ocrx_word' id='word_1_105' title='bbox 1184 2105 1348 2172; x_wconf 84' lang='lat' dir='ltr'><strong>Saxonum</strong></span> 
     </span>
     <span class='ocr_line' id='line_1_16' title="bbox 176 2197 385 2260; baseline 0.005 -1"><span class='ocrx_word' id='word_1_106' title='bbox 176 2218 225 2259; x_wconf 89' lang='lat' dir='ltr'><strong>me</strong></span> <span class='ocrx_word' id='word_1_107' title='bbox 249 2197 385 2260; x_wconf 86' lang='lat' dir='ltr'><strong>contuli.</strong></span> 
     </span>
    </p>

    <p class='ocr_par' dir='ltr' id='par_1_5' title="bbox 178 2283 1400 3170">
     <span class='ocr_line' id='line_1_17' title="bbox 265 2283 1378 2369; baseline -0.002 -20"><span class='ocrx_word' id='word_1_108' title='bbox 265 2285 355 2349; x_wconf 88' lang='lat' dir='ltr'><strong>Usus</strong></span> <span class='ocrx_word' id='word_1_109' title='bbox 391 2308 460 2349; x_wconf 90' lang='lat' dir='ltr'><strong>snm</strong></span> <span class='ocrx_word' id='word_1_110' title='bbox 497 2286 761 2369; x_wconf 83' lang='lat' dir='ltr'><strong>praeceptoribus</strong></span> <span class='ocrx_word' id='word_1_111' title='bbox 801 2285 890 2348; x_wconf 89' lang='lat' dir='ltr'><strong>hisce</strong></span> <span class='ocrx_word' id='word_1_112' title='bbox 926 2284 998 2351; x_wconf 86' lang='lat' dir='ltr'><strong>VV.</strong></span> <span class='ocrx_word' id='word_1_113' title='bbox 1029 2283 1119 2348; x_wconf 90' lang='lat' dir='ltr'>DD.:</span> <span class='ocrx_word' id='word_1_114' title='bbox 1164 2284 1348 2362; x_wconf 89' lang='lat' dir='ltr'><strong>Beohstein,</strong></span> <span class='ocrx_word' id='word_1_115' title='bbox 1376 2290 1378 2292; x_wconf 75' lang='grc'><strong>’</strong></span> 
     </span>
     <span class='ocr_line' id='line_1_18' title="bbox 179 2371 1350 2455; baseline -0.001 -19"><span class='ocrx_word' id='word_1_116' title='bbox 179 2373 340 2455; x_wconf 86' lang='lat' dir='ltr'><strong>Fritsche,</strong></span> <span class='ocrx_word' id='word_1_117' title='bbox 373 2374 506 2455; x_wconf 88' lang='lat' dir='ltr'><strong>Kaibel,</strong></span> <span class='ocrx_word' id='word_1_118' title='bbox 539 2374 655 2452; x_wconf 75' lang='lat' dir='ltr'><strong>Korte,</strong></span> <span class='ocrx_word' id='word_1_119' title='bbox 685 2375 730 2438; x_wconf 92' lang='lat' dir='ltr'><strong>H.</strong></span> <span class='ocrx_word' id='word_1_120' title='bbox 761 2375 800 2438; x_wconf 84' lang='lat' dir='ltr'><strong>de</strong></span> <span class='ocrx_word' id='word_1_121' title='bbox 824 2373 916 2438; x_wconf 90' lang='lat' dir='ltr'><strong>Stein</strong></span> <span class='ocrx_word' id='word_1_122' title='bbox 940 2373 973 2436; x_wconf 92' lang='lat' dir='ltr'><strong>in</strong></span> <span class='ocrx_word' id='word_1_123' title='bbox 996 2374 1209 2437; x_wconf 87' lang='lat' dir='ltr'><strong>universitate</strong></span> <span class='ocrx_word' id='word_1_124' title='bbox 1232 2371 1350 2436; x_wconf 89' lang='lat' dir='ltr'><strong>Rosto-</strong></span> 
     </span>
     <span class='ocr_line' id='line_1_19' title="bbox 179 2460 1400 2546; baseline 0 -22"><span class='ocrx_word' id='word_1_125' title='bbox 179 2462 317 2542; x_wconf 87' lang='lat' dir='ltr'><strong>chiensi;</strong></span> <span class='ocrx_word' id='word_1_126' title='bbox 365 2463 608 2546; x_wconf 68' lang='lat' dir='ltr'><strong>Furti-anglor,</strong></span> <span class='ocrx_word' id='word_1_127' title='bbox 647 2463 803 2541; x_wconf 87' lang='lat' dir='ltr'><strong>Hiibuer,</strong></span> <span class='ocrx_word' id='word_1_128' title='bbox 843 2461 910 2526; x_wconf 84' lang='lat' dir='ltr'><strong>Ad.</strong></span> <span class='ocrx_word' id='word_1_129' title='bbox 948 2460 1116 2542; x_wconf 84' lang='lat' dir='ltr'><strong>Kirchoff,</strong></span> <span class='ocrx_word' id='word_1_130' title='bbox 1155 2461 1349 2542; x_wconf 84' lang='lat' dir='ltr'><strong>Miillenhof,</strong></span> <span class='ocrx_word' id='word_1_131' title='bbox 1397 2503 1400 2516; x_wconf 62' lang='lat'>»</span> 
     </span>
     <span class='ocr_line' id='line_1_20' title="bbox 179 2549 1349 2634; baseline 0 -20"><span class='ocrx_word' id='word_1_132' title='bbox 179 2549 337 2634; x_wconf 64' lang='lat' dir='ltr'><strong>Rediger,</strong></span> <span class='ocrx_word' id='word_1_133' title='bbox 364 2551 509 2633; x_wconf 88' lang='lat' dir='ltr'><strong>Seberer,</strong></span> <span class='ocrx_word' id='word_1_134' title='bbox 536 2553 645 2633; x_wconf 84' lang='lat' dir='ltr'><strong>Seeck,</strong></span> <span class='ocrx_word' id='word_1_135' title='bbox 671 2552 750 2619; x_wconf 85' lang='lat' dir='ltr'><strong>Joh.</strong></span> <span class='ocrx_word' id='word_1_136' title='bbox 775 2551 934 2632; x_wconf 82' lang='lat' dir='ltr'><strong>Schmidt,</strong></span> <span class='ocrx_word' id='word_1_137' title='bbox 960 2550 1098 2630; x_wconf 86' lang='lat' dir='ltr'><strong>Vahlen,</strong></span> <span class='ocrx_word' id='word_1_138' title='bbox 1117 2549 1349 2630; x_wconf 88' lang='lat' dir='ltr'><strong>Wattenbach,</strong></span> 
     </span>
     <span class='ocr_line' id='line_1_21' title="bbox 178 2636 1348 2723; baseline 0 -21"><span class='ocrx_word' id='word_1_139' title='bbox 178 2637 342 2719; x_wconf 89' lang='lat' dir='ltr'><strong>Berolini;</strong></span> <span class='ocrx_word' id='word_1_140' title='bbox 382 2639 553 2707; x_wconf 75' lang='lat' dir='ltr'><strong>Burdach,</strong></span> <span class='ocrx_word' id='word_1_141' title='bbox 594 2641 837 2723; x_wconf 83' lang='lat' dir='ltr'><strong>Dittenberger,</strong></span> <span class='ocrx_word' id='word_1_142' title='bbox 878 2638 1013 2722; x_wconf 84' lang='lat' dir='ltr'><strong>Gering,</strong></span> <span class='ocrx_word' id='word_1_143' title='bbox 1054 2636 1192 2720; x_wconf 84' lang='lat' dir='ltr'><strong>Gosche,</strong></span> <span class='ocrx_word' id='word_1_144' title='bbox 1228 2637 1348 2719; x_wconf 88' lang='lat' dir='ltr'><strong>Hiller,</strong></span> 
     </span>
     <span class='ocr_line' id='line_1_22' title="bbox 179 2726 1351 2812; baseline 0 -21"><span class='ocrx_word' id='word_1_145' title='bbox 179 2726 274 2809; x_wconf 90' lang='lat' dir='ltr'><strong>Keil,</strong></span> <span class='ocrx_word' id='word_1_146' title='bbox 299 2729 431 2793; x_wconf 88' lang='lat' dir='ltr'><strong>Zacher</strong></span> <span class='ocrx_word' id='word_1_147' title='bbox 454 2731 566 2810; x_wconf 77' lang='lat' dir='ltr'><strong>Halis3</strong></span> <span class='ocrx_word' id='word_1_148' title='bbox 600 2731 766 2794; x_wconf 88' lang='lat' dir='ltr'><strong>seminarii</strong></span> <span class='ocrx_word' id='word_1_149' title='bbox 789 2728 979 2812; x_wconf 84' lang='lat' dir='ltr'><strong>philologici</strong></span> <span class='ocrx_word' id='word_1_150' title='bbox 1003 2728 1291 2793; x_wconf 85' lang='lat' dir='ltr'><strong>exercitationibus</strong></span> <span class='ocrx_word' id='word_1_151' title='bbox 1314 2734 1351 2792; x_wconf 91' lang='lat' dir='ltr'><strong>ut</strong></span> 
     </span>
     <span class='ocr_line' id='line_1_23' title="bbox 178 2816 1351 2902; baseline 0.001 -23"><span class='ocrx_word' id='word_1_152' title='bbox 178 2816 365 2882; x_wconf 88' lang='lat' dir='ltr'><strong>interessem</strong></span> <span class='ocrx_word' id='word_1_153' title='bbox 397 2841 454 2902; x_wconf 90' lang='lat' dir='ltr'><strong>per</strong></span> <span class='ocrx_word' id='word_1_154' title='bbox 482 2842 582 2883; x_wconf 91' lang='lat' dir='ltr'><strong>unum</strong></span> <span class='ocrx_word' id='word_1_155' title='bbox 613 2826 765 2883; x_wconf 88' lang='lat' dir='ltr'><strong>semestre</strong></span> <span class='ocrx_word' id='word_1_156' title='bbox 795 2817 918 2882; x_wconf 88' lang='lat' dir='ltr'><strong>Kaibel</strong></span> <span class='ocrx_word' id='word_1_157' title='bbox 949 2824 980 2882; x_wconf 91' lang='lat' dir='ltr'><strong>et</strong></span> <span class='ocrx_word' id='word_1_158' title='bbox 1008 2817 1173 2898; x_wconf 84' lang='lat' dir='ltr'><strong>Fritsche,</strong></span> <span class='ocrx_word' id='word_1_159' title='bbox 1203 2838 1261 2900; x_wconf 89' lang='lat' dir='ltr'><strong>per</strong></span> <span class='ocrx_word' id='word_1_160' title='bbox 1284 2817 1351 2881; x_wconf 91' lang='lat' dir='ltr'><strong>tria</strong></span> 
     </span>
     <span class='ocr_line' id='line_1_24' title="bbox 178 2904 1349 2991; baseline 0 -22"><span class='ocrx_word' id='word_1_161' title='bbox 178 2904 426 2989; x_wconf 87' lang='lat' dir='ltr'><strong>Dittenberger,</strong></span> <span class='ocrx_word' id='word_1_162' title='bbox 461 2908 585 2988; x_wconf 89' lang='lat' dir='ltr'><strong>Hiller,</strong></span> <span class='ocrx_word' id='word_1_163' title='bbox 622 2907 701 2972; x_wconf 88' lang='lat' dir='ltr'><strong>Keil</strong></span> <span class='ocrx_word' id='word_1_164' title='bbox 735 2908 953 2991; x_wconf 87' lang='lat' dir='ltr'><strong>permiserunt</strong></span> <span class='ocrx_word' id='word_1_165' title='bbox 987 2906 1069 2971; x_wconf 93' lang='lat' dir='ltr'><strong>mihi</strong></span> <span class='ocrx_word' id='word_1_166' title='bbox 1103 2905 1349 2990; x_wconf 78' lang='lat' dir='ltr'><strong>benignissime3</strong></span> 
     </span>
     <span class='ocr_line' id='line_1_25' title="bbox 181 2995 1349 3078; baseline 0 -20"><span class='ocrx_word' id='word_1_167' title='bbox 181 3001 351 3075; x_wconf 85' lang='lat' dir='ltr'><strong>praeterea</strong></span> <span class='ocrx_word' id='word_1_168' title='bbox 374 2997 595 3077; x_wconf 84' lang='lat' dir='ltr'><strong>societatibus,</strong></span> <span class='ocrx_word' id='word_1_169' title='bbox 621 3018 701 3078; x_wconf 86' lang='lat' dir='ltr'><strong>quas</strong></span> <span class='ocrx_word' id='word_1_170' title='bbox 724 2997 895 3060; x_wconf 87' lang='lat' dir='ltr'><strong>instituere</strong></span> <span class='ocrx_word' id='word_1_171' title='bbox 919 2996 1034 3074; x_wconf 89' lang='lat' dir='ltr'><strong>solent,</strong></span> <span class='ocrx_word' id='word_1_172' title='bbox 1059 3017 1109 3059; x_wconf 89' lang='lat' dir='ltr'><strong>me</strong></span> <span class='ocrx_word' id='word_1_173' title='bbox 1132 2995 1349 3060; x_wconf 85' lang='lat' dir='ltr'><strong>admiserunt:</strong></span> 
     </span>
     <span class='ocr_line' id='line_1_26' title="bbox 182 3080 1313 3170; baseline 0.003 -25"><span class='ocrx_word' id='word_1_174' title='bbox 182 3080 344 3165; x_wconf 90' lang='lat' dir='ltr'><strong>Burdach,</strong></span> <span class='ocrx_word' id='word_1_175' title='bbox 372 3082 507 3169; x_wconf 85' lang='lat' dir='ltr'><strong>Gering,</strong></span> <span class='ocrx_word' id='word_1_176' title='bbox 534 3084 674 3166; x_wconf 87' lang='lat' dir='ltr'><strong>Gosche,</strong></span> <span class='ocrx_word' id='word_1_177' title='bbox 699 3086 821 3168; x_wconf 85' lang='lat' dir='ltr'><strong>Haym,</strong></span> <span class='ocrx_word' id='word_1_178' title='bbox 846 3085 935 3165; x_wconf 85' lang='lat' dir='ltr'><strong>Keil,</strong></span> <span class='ocrx_word' id='word_1_179' title='bbox 962 3084 1153 3170; x_wconf 79' lang='lat' dir='ltr'><strong>Vaihinger‚</strong></span> <span class='ocrx_word' id='word_1_180' title='bbox 1176 3084 1313 3149; x_wconf 89' lang='lat' dir='ltr'><strong>Zacber.</strong></span> 
     </span>
    </p>

    <p class='ocr_par' dir='ltr' id='par_1_6' title="bbox 181 3171 1354 3345">
     <span class='ocr_line' id='line_1_27' title="bbox 264 3171 1354 3256; baseline 0 -19"><span class='ocrx_word' id='word_1_181' title='bbox 264 3171 395 3255; x_wconf 81' lang='lat' dir='ltr'><strong>Quibus</strong></span> <span class='ocrx_word' id='word_1_182' title='bbox 428 3175 575 3240; x_wconf 89' lang='lat' dir='ltr'><strong>omnibus</strong></span> <span class='ocrx_word' id='word_1_183' title='bbox 606 3174 680 3242; x_wconf 87' lang='lat' dir='ltr'><strong>VV.</strong></span> <span class='ocrx_word' id='word_1_184' title='bbox 709 3174 784 3240; x_wconf 89' lang='lat' dir='ltr'><strong>DD.</strong></span> <span class='ocrx_word' id='word_1_185' title='bbox 815 3196 853 3238; x_wconf 87' lang='lat' dir='ltr'><strong>ex</strong></span> <span class='ocrx_word' id='word_1_186' title='bbox 880 3175 994 3238; x_wconf 89' lang='lat' dir='ltr'><strong>intimo</strong></span> <span class='ocrx_word' id='word_1_187' title='bbox 1019 3175 1126 3238; x_wconf 88' lang='lat' dir='ltr'><strong>animo</strong></span> <span class='ocrx_word' id='word_1_188' title='bbox 1149 3174 1275 3256; x_wconf 84' lang='lat' dir='ltr'><strong>gratias</strong></span> <span class='ocrx_word' id='word_1_189' title='bbox 1299 3173 1354 3237; x_wconf 91' lang='lat' dir='ltr'><strong>hic</strong></span> 
     </span>
     <span class='ocr_line' id='line_1_28' title="bbox 181 3261 1351 3345; baseline 0 -20"><span class='ocrx_word' id='word_1_190' title='bbox 181 3280 238 3341; x_wconf 76' lang='lat' dir='ltr'><strong>ago</strong></span> <span class='ocrx_word' id='word_1_191' title='bbox 262 3283 364 3345; x_wconf 86' lang='lat' dir='ltr'><strong>quam</strong></span> <span class='ocrx_word' id='word_1_192' title='bbox 388 3284 573 3329; x_wconf 86' lang='lat' dir='ltr'><strong>maxumas:</strong></span> <span class='ocrx_word' id='word_1_193' title='bbox 598 3264 757 3344; x_wconf 90' lang='lat' dir='ltr'><strong>imprimis</strong></span> <span class='ocrx_word' id='word_1_194' title='bbox 773 3262 864 3329; x_wconf 76' lang='lat' dir='ltr'>JLL.</span> <span class='ocrx_word' id='word_1_195' title='bbox 879 3261 954 3329; x_wconf 87' lang='lat' dir='ltr'><strong>VV.</strong></span> <span class='ocrx_word' id='word_1_196' title='bbox 971 3261 1214 3345; x_wconf 85' lang='lat' dir='ltr'><strong>Dittenberger,</strong></span> <span class='ocrx_word' id='word_1_197' title='bbox 1232 3262 1351 3343; x_wconf 91' lang='lat' dir='ltr'><strong>Hiller,</strong></span> 
     </span>
    </p>
   </div>
   <div class='ocr_carea' id='block_1_4' title="bbox 59 3347 1352 3444">
    <p class='ocr_par' dir='ltr' id='par_1_7' title="bbox 59 3347 1352 3444">
     <span class='ocr_line' id='line_1_29' title="bbox 59 3347 1352 3444; baseline 0.001 -31"><span class='ocrx_word' id='word_1_198' title='bbox 59 3440 61 3444; x_wconf 12' lang='lat'><em>7</em></span> <span class='ocrx_word' id='word_1_199' title='bbox 181 3347 264 3430; x_wconf 88' lang='lat' dir='ltr'><strong>Keil,</strong></span> <span class='ocrx_word' id='word_1_200' title='bbox 289 3351 432 3432; x_wconf 87' lang='lat' dir='ltr'><strong>Zacber,</strong></span> <span class='ocrx_word' id='word_1_201' title='bbox 460 3354 516 3435; x_wconf 94' lang='lat' dir='ltr'><strong>qui</strong></span> <span class='ocrx_word' id='word_1_202' title='bbox 539 3374 618 3435; x_wconf 86' lang='lat' dir='ltr'><strong>prae</strong></span> <span class='ocrx_word' id='word_1_203' title='bbox 641 3353 756 3417; x_wconf 88' lang='lat' dir='ltr'><strong>ceteris</strong></span> <span class='ocrx_word' id='word_1_204' title='bbox 780 3351 965 3416; x_wconf 88' lang='lat' dir='ltr'><strong>studiorum</strong></span> <span class='ocrx_word' id='word_1_205' title='bbox 988 3373 1133 3416; x_wconf 88' lang='lat' dir='ltr'><strong>meorum</strong></span> <span class='ocrx_word' id='word_1_206' title='bbox 1150 3357 1242 3416; x_wconf 90' lang='lat' dir='ltr'><strong>erant</strong></span> <span class='ocrx_word' id='word_1_207' title='bbox 1259 3351 1352 3433; x_wconf 87' lang='lat' dir='ltr'><strong>adju·</strong></span> 
     </span>
    </p>
   </div>
   <div class='ocr_carea' id='block_1_5' title="bbox 179 3438 1276 3525">
    <p class='ocr_par' dir='ltr' id='par_1_8' title="bbox 179 3438 1276 3525">
     <span class='ocr_line' id='line_1_30' title="bbox 179 3438 1276 3525; baseline 0.001 -23"><span class='ocrx_word' id='word_1_208' title='bbox 179 3443 260 3503; x_wconf 89' lang='lat' dir='ltr'><strong>tores</strong></span> <span class='ocrx_word' id='word_1_209' title='bbox 284 3461 325 3504; x_wconf 85' lang='lat' dir='ltr'><strong>ac</strong></span> <span class='ocrx_word' id='word_1_210' title='bbox 348 3440 563 3523; x_wconf 89' lang='lat' dir='ltr'><strong>modeatores,</strong></span> <span class='ocrx_word' id='word_1_211' title='bbox 588 3442 643 3525; x_wconf 91' lang='lat' dir='ltr'><strong>pio</strong></span> <span class='ocrx_word' id='word_1_212' title='bbox 668 3443 776 3506; x_wconf 87' lang='lat' dir='ltr'><strong>animo</strong></span> <span class='ocrx_word' id='word_1_213' title='bbox 801 3441 906 3504; x_wconf 87' lang='lat' dir='ltr'><strong>colere</strong></span> <span class='ocrx_word' id='word_1_214' title='bbox 930 3462 1097 3522; x_wconf 85' lang='lat' dir='ltr'><strong>nunquam</strong></span> <span class='ocrx_word' id='word_1_215' title='bbox 1121 3438 1276 3504; x_wconf 87' lang='lat' dir='ltr'><strong>desinam.</strong></span> 
     </span>
    </p>
   </div>
   <div class='ocr_carea' id='block_1_6' title="bbox 0 0 1587 4838">
    <p class='ocr_par' dir='ltr' id='par_1_9' title="bbox 0 0 1587 4838">
     <span class='ocr_line' id='line_1_31' title="bbox 0 0 1587 4838; baseline 0 0"><span class='ocrx_word' id='word_1_216' title='bbox 0 0 1587 4838; x_wconf 95' lang='lat' dir='ltr'><strong> </strong></span> 
     </span>
    </p>
   </div>
  </div>
 </body>
</html>
