3120 4838
176 394 291 492 plaria
321 396 468 469 Graeca
499 397 607 468 etiam
638 414 712 469 tum
741 413 825 470 ante
864 398 990 468 oculos
1025 394 1200 466 habuerit.
1260 393 1358 466 Nam
1394 418 1478 466 cum

178 523 417 597 Archilochus
445 527 520 598 hoc
548 527 584 598 in
614 524 761 620 epodo:

280 655 301 731 ii
322 698 372 706 ¹-
392 682 410 725 u
426 699 475 707 —
492 657 512 732 p
536 651 606 756 ¹--
623 682 645 723 n
662 700 711 707 —
726 655 751 732 ἶ·
766 698 817 707 -
836 681 855 721 u
873 692 896 768 υ·

284 792 1033 909 —rrv—nu-li',*ndi—,og

177 937 346 1034 dactylos
392 939 521 1012 iambis
555 955 593 1011 et
625 939 821 1023 trochaeis,
857 938 918 1034 qui
951 937 1114 1009 eiusdem
1153 936 1301 1030 generis
1334 935 1478 1006 metrici

175 1083 265 1152 sunt,
300 1065 431 1152 includi
471 1066 656 1150 voluisset,
696 1068 872 1139 Horatius
915 1065 1099 1161 aptissime
1140 1066 1340 1136 trochaeos
1382 1060 1478 1134 colis

177 1195 366 1289 dactylicis
393 1195 560 1268 inseruit:

281 1390 332 1398 ’-
350 1384 465 1423 vv-
486 1384 596 1423 Μ’·
615 1384 665 1424 etv
681 1388 730 1398 -··
746 1384 798 1422 vv
814 1388 862 1396 -
881 1371 1002 1413 'utr—
1021 1381 1073 1457 ἶ

282 1484 1031 1601 ‘,‚‘·‘l'-·‘-'⁰1„l··0‘l’-1’l’li

281 1633 439 1703 Rursum
475 1629 735 1703 Archilochum
771 1646 919 1701 secutus
953 1630 995 1699 cs.
1032 1629 1123 1699 hlar.
1157 1628 1295 1701 Victor.
1336 1647 1475 1719 117‚19

176 1784 259 1854 sqq,
286 1758 463 1830 Horatius
492 1773 707 1831 tetrametro
747 1759 927 1854 dactylico
965 1783 1045 1831 cum
1081 1753 1318 1851 ithyphallico
1351 1756 1474 1827 trime-

175 1902 268 1958 trum
296 1886 490 1959 iambicum
520 1886 769 1961 catalecticum
798 1887 970 1960 adnexuit
999 1887 1033 1956 in
1063 1909 1094 1957 c.
1123 1886 1136 1956 l
1164 1908 1187 1975 4
1216 1882 1297 1957 coll.
1335 1881 1473 1957 Archil.

177 2015 219 2088 fr.
255 2038 336 2105 ¹03·

282 2143 482 2215 Percensui
502 2144 660 2216 carmina
675 2143 834 2240 epodica
853 2143 980 2215 iambis
1009 2156 1046 2213 et
1065 2140 1219 2235 dactylis
1245 2156 1283 2211 et
1311 2138 1477 2234 dactylo-

175 2271 362 2344 trochaies
391 2272 597 2367 conscripta
625 2289 777 2368 praeter
807 2298 844 2363 c„
870 2271 898 2343 ll
939 2273 982 2342 18
1015 2269 1163 2341 alternis
1200 2268 1360 2341 dimetris
1401 2287 1478 2342 tro-

177 2400 315 2472 chaieis
345 2414 381 2471 et
409 2398 628 2473 catalecticis
656 2401 822 2473 trimetris
850 2400 1014 2473 iambicis
1050 2398 1300 2493 compositum.
1357 2398 1479 2490 Quod

177 2544 329 2601 metrum
359 2553 421 2599 cur
449 2532 542 2600 nunc
571 2528 684 2624 vulgo
712 2529 1008 2625 Hipponacteum
1046 2524 1262 2622 appelletur,
1299 2526 1479 2621 equidem

178 2659 274 2729 nullo
303 2657 415 2729 modo
442 2657 664 2752 investigare
694 2655 797 2749 potui
817 2679 887 2726 nec
921 2654 1078 2727 sortasse
1111 2655 1303 2750 quisquam
1332 2680 1478 2743 eorum,

179 2786 239 2881 qui
267 2785 317 2857 ita
341 2775 488 2869 uocant,
517 2781 708 2880 intellegit.
765 2782 898 2877 Neque
926 2808 1017 2855 vero
1046 2783 1182 2855 rectius
1209 2782 1408 2879 Westphal
1449 2786 1480 2858 ll

180 2934 252 3005 545
285 2910 465 2985 Alcaeum
494 2914 541 2985 ab
570 2912 727 2984 Horatio
756 2911 952 2982 imitatione
987 2936 1205 3007 expressum
1242 2937 1338 2999 esse,
1374 2912 1479 2986 vide-

178 3056 235 3112 tur
263 3040 498 3114 contendere.
544 3040 667 3113 Affert
687 3041 745 3113 ille
766 3040 1011 3112 testimonium
1031 3037 1117 3113 Atil.
1135 3041 1284 3112 Fortun.
1300 3025 1477 3133 ·'302,17:

183 3170 278 3241 »hoc
306 3185 423 3241 metro
452 3168 568 3243 semel
598 3170 743 3243 omnino
771 3194 857 3240 usus
886 3168 1073 3256 Horatius,
1106 3165 1267 3240 Alcaeus
1305 3167 1477 3263 frequen-

180 3313 251 3370 ter»
278 3331 285 3387 3
315 3295 455 3370 addere
484 3313 634 3393 poterat
664 3298 774 3370 Caes,
797 3297 900 3368 Bass.
934 3317 1091 3387 270,21:
1118 3314 1179 3369 »et
1198 3297 1268 3367 hoc
1288 3311 1476 3391 sumptum

181 3428 226 3498 ab
254 3421 398 3497 Alcaeo
428 3441 467 3498 et
501 3426 549 3498 ab
582 3423 643 3497 illo
683 3440 876 3498 tractatum
912 3423 1125 3520 frequenter
1159 3439 1197 3496 et
1230 3425 1277 3495 ab
1315 3424 1478 3498 Horatio

179 3555 295 3625 semel
323 3555 467 3625 omnino
497 3554 778 3649 compositum
835 3552 974 3625 Verum
1004 3569 1042 3625 et
1071 3553 1225 3624 Caesius
1252 3552 1402 3640 Bassus,
1441 3553 1477 3626 ni

179 3676 291 3764 fallor,
321 3696 360 3752 et
388 3681 450 3776 qui
478 3707 562 3754 eum
590 3682 753 3777 sequitur
782 3681 911 3753 Atilius
939 3708 961 3752 a
988 3707 1082 3754 vero
1110 3681 1334 3753 aberrarunt.
1355 3681 1476 3755 Certe

179 3808 221 3879 iis
270 3827 477 3903 repugnant
525 3825 563 3882 et
603 3810 695 3883 Mar.
742 3809 884 3881 Victor.
932 3811 1088 3898 168,2o:
1139 3825 1223 3881 »est
1268 3823 1390 3881 autem
1425 3813 1475 3884 ab

179 3932 324 4007 Alcaeo
352 3953 534 4034 sumptum
577 3937 785 4010 choriacum
823 3936 1119 4033 heptasyllabum
1157 3937 1303 4010 subdito
1336 3938 1476 4012 hende-

180 4058 369 4156 casyllabo
398 4065 556 4138 iambico
581 4064 839 4139 Archilochio«
873 4082 912 4138 et
939 4065 1064 4140 Diom.
1097 4087 1253 4158 524,25:
1290 4066 1477 4162 »septima

181 4189 321 4263 decima
348 4194 421 4265 ode
457 4193 680 4293 (Diomedes
720 4193 909 4290 ceterique
945 4194 1082 4268 metrici
1115 4220 1231 4291 saepe
1279 4192 1383 4282 alios,
1429 4222 1476 4269 ac

180 4342 249 4390 nos
288 4321 483 4394 carminum
517 4348 690 4396 numeros
724 4323 874 4417 habent)
919 4339 1075 4396 metrum
1114 4322 1237 4408 habet,
1279 4324 1383 4416 quod
1426 4327 1476 4398 ab

181 4444 335 4520 Horatio
365 4450 610 4547 compositum
639 4452 801 4527 dicitur».
857 4450 978 4543 Quam
1000 4451 1285 4535 controversiam
1306 4468 1345 4525 ut
1364 4470 1476 4529 caute
