3120 4838
690 220 902 286 ..42-

221 383 275 452 ded
295 390 399 453 ταύτα
421 380 572 473 ὑγιαίνεις
592 414 627 455 τε
649 391 701 455 καὶ
722 387 862 477 deprecat
876 386 914 456 τὸ
932 394 1027 475 σῶμα
1039 442 1064 459 ..
1079 442 1086 458 .
1103 388 1133 456 οἱ
1152 392 1187 457 δὲ
1201 386 1260 458 ὑπ’
1275 387 1376 477 α’κρα-

222 498 290 572 οἰας
311 491 424 561 ἄθλιοι
444 498 475 561 sl
495 502 565 562 τοῦν
585 500 698 564 κακῶν
718 494 781 564 οὐκ
801 496 934 583 ἔχουσα(
977 500 1029 565 Ne
1050 500 1130 567 haec
1145 501 1273 584 quidem
1292 502 1377 567 simi-

220 602 322 667 litudo
344 604 503 687 singulare
524 605 700 689 quidquam
714 606 827 685 habet3
851 629 926 671 nam
942 608 1108 687 Horatius,
1130 630 1203 673 cum
1217 610 1377 674 modicum

222 711 340 775 victum
362 734 439 795 prae
459 713 622 781 luxurioso
640 714 886 794 commendaret,
910 717 956 781 ita
979 738 1106 800 quoque
1129 739 1200 781 eum
1220 740 1377 783 commen-

223 818 300 883 dare
320 804 467 902 debebat,
494 827 530 886 ut
552 821 673 887 validos
697 845 767 887 eum
789 822 934 889 homines
957 824 1090 889 reddere
1112 832 1264 893 moneret.
1308 825 1376 891 cfr.

223 928 319 992 etiam
341 929 457 994 similes
486 930 572 994 locos
602 930 689 1014 apud
710 929 929 1014 Theognidem
958 934 1128 999 605-606
1161 935 1292 1019 ,llatae
1324 956 1378 998 τοι

224 1036 365 1113 πλέονας
392 1040 487 1121 λιμοῦ
516 1032 616 1122 κόρος
640 1031 760 1102 ὤλεσεν
788 1032 848 1124 ἥδη
871 1032 1004 1124 ἄνδρας,
1034 1032 1106 1104 ὅσοι
1127 1041 1239 1125 μοίρης
1263 1045 1378 1106 πλεῖον
1431 1040 1434 1045 ’

225 1142 307 1227 ἔχειν
328 1142 464 1228 ἔθελον,
487 1146 652 1214 Aristotel.
675 1146 864 1230 problemat.
888 1140 909 1211 α’
933 1151 982 1227 15,
1002 1146 1066 1215 cic.
1083 1148 1178 1215 Tusc.
1200 1147 1241 1231 V,
1258 1152 1309 1231 34,
1327 1153 1378 1228 99,

109 1240 112 1247 '
228 1254 682 1338 mQumm

326 1363 409 1426 Hor.
426 1385 473 1446 ep.
490 1363 516 1440 I,
541 1367 589 1444 18,
607 1370 639 1429 7:
662 1369 765 1442 ,tonsa
784 1368 875 1441 cute‘,
892 1362 971 1428 Luc.
987 1363 1036 1428 bis
1055 1385 1158 1431 accus.
1175 1367 1219 1430 20
1241 1362 1286 1444 ,ἒν
1308 1366 1380 1450 χρῷ

227 1470 405 1554 κε’καρμακ.
450 1472 575 1537 Stoicos
596 1473 645 1536 vel
667 1493 729 1551 eos,
753 1472 807 1555 qui
824 1470 1004 1537 Stoicorum
1024 1474 1160 1555 speciem
1176 1472 1380 1551 affectabant,

227 1578 331 1642 verbis
360 1584 462 1658 ,tonsa
485 1586 566 1645 cute‘
587 1580 746 1645 Horatius
767 1580 819 1644 hic
842 1578 1008 1657 describit3
1039 1580 1100 1645 hoc
1121 1588 1227 1645 autem
1249 1602 1269 1645 a
1291 1585 1379 1645 certo

229 1686 368 1769 quodam
390 1694 521 1752 auctore
553 1711 624 1752 curn
656 1689 824 1771 sumpsisse
850 1687 921 1752 ideo
950 1688 1075 1772 opinari
1099 1710 1162 1753 non
1191 1689 1274 1770 licet,
1305 1689 1390 1771 quia,

228 1802 342 1877 poetae
377 1817 485 1861 ornnes
519 1797 630 1861 comici
662 1803 694 1861 et
724 1796 845 1861 satirici
876 1797 923 1860 ita
954 1796 1059 1863 dicere
1091 1797 1201 1865 solent.
1255 1796 1382 1862 Morem

231 1902 411 1968 Stoicorum
444 1905 574 1987 capillos
606 1904 759 1969 tondendi
792 1905 888 1969 etiam
919 1903 1085 1969 Juvenalis
1117 1910 1152 1984 2,
1188 1908 1227 1969 15
1259 1906 1381 1988 ,Atque

230 1996 396 2094 supercilio
425 2012 551 2078 brevior
580 2018 681 2079 coma‘
708 2019 741 2078 et
762 2012 924 2078 Lucienus
955 2013 1009 2077 vit.
1032 2019 1114 2079 auct.
1134 2015 1184 2092 20,
1216 2011 1306 2095 fugit.
1328 2016 1383 2094 27,

230 2120 378 2186 Hermot.
401 2124 441 2186 18
464 2121 517 2185 alii
539 2127 660 2187 notant.

333 2229 450 2295 Horat.
472 2235 532 2294 sat.
549 2230 578 2309 I,
603 2234 632 2311 5,
658 2233 714 2295 16:
747 2227 862 2310 ,Multa
883 2228 1030 2311 prolutus
1052 2234 1175 2310 vappa‘,
1206 2227 1262 2295 cfr.
1285 2229 1385 2294 etiam

232 2342 291 2400 sat.
315 2337 361 2416 ΙΙ,
380 2342 410 2416 4,
440 2341 489 2414 26,
520 2336 598 2404 Luc.
619 2337 703 2402 Dial.
727 2336 813 2401 deor.
838 2335 971 2400 XXIII
994 2339 1013 2399 2
1037 2333 1168 2417 ,ἱκανῶς
1188 2329 1385 2421 ν’ποβεβοεγ-

232 2445 343 2528 μένον,
367 2446 422 2512 cfr.
445 2446 541 2510 etiam
563 2445 636 2529 gall.
654 2449 683 2525 8,
704 2445 782 2509 asin.
806 2448 856 2523 51,
878 2443 1055 2527 Philopatr.
1078 2447 1108 2522 4,
1131 2446 1306 2511 Icaromen.
1329 2449 1383 2511 27.

234 2551 315 2618 Cum
339 2559 371 2618 et
393 2553 479 2637 apud
502 2553 646 2620 Graecos
664 2547 962 2637 ,ὑποβεβρεγμένος
983 2573 1042 2634 pro
1064 2551 1306 2634 ‚aliquantulum
1330 2573 1386 2635 ap-

233 2666 335 2742 potus‘
358 2661 471 2745 Eurip.
493 2662 612 2726 Electr.
635 2663 707 2739 326,
729 2658 814 2725 Plut.
837 2658 948 2723 moral.
969 2680 1001 2740 p.
1026 2661 1086 2722 152
1095 2658 1136 2736 D,
1158 2657 1236 2723 Poll.
1258 2657 1311 2726 VI
1335 2662 1386 2736 25,
1489 2693 1493 2701 ·

234 2768 362 2834 Heliod.
387 2768 426 2837 V.
447 2791 476 2851 p.
500 2772 571 2847 255,
602 2768 705 2850 Long.
726 2766 764 2831 II
781 2789 813 2851 p.
837 2769 879 2832 60
899 2770 931 2830 et
953 2765 1040 2847 apud
1061 2765 1225 2830 Romanos
1247 2786 1291 2846 ,se
1313 2787 1387 2848 pro·

233 2878 331 2941 luere‘
352 2898 410 2959 pro
432 2875 560 2955 ,bibere‘
584 2881 616 2940 et
638 2881 770 2959 ,potare‘
792 2875 916 2958 vulgari
934 2874 967 2937 in
982 2894 1042 2938 usu
1058 2872 1154 2938 fuisse
1172 2873 1279 2939 Plaut.
1292 2873 1387 2941 Cure.

236 2985 255 3049 Ι
279 2990 307 3064 2,
329 2988 380 3062 28,
403 2984 502 3066 Verg.
523 2984 606 3048 Aen.
629 2983 656 3062 I,
679 2987 749 3059 739,
772 2983 861 3050 Pers.
882 2983 1006 3065 prolog.
1033 2987 1049 3045 1
1075 2981 1299 3060 demonstrent,
1324 3004 1389 3047 non

237 3100 294 3172 est,
315 3115 371 3157 cur
392 3092 431 3157 de
453 3093 519 3156 ulla
538 3093 715 3157 imitatione
737 3093 919 3175 cogitemus.

338 3201 496 3284 Quoniam
517 3201 581 3265 iam
602 3222 656 3266 eas
679 3220 805 3283 quoque
827 3198 1053 3277 similitudines,
1077 3219 1157 3282 quas
1179 3197 1389 3263 Heinrichius

238 3307 352 3386 attulit,
374 3308 643 3390 perlustravimus,
666 3329 706 3372 ne
727 3307 842 3371 harum
864 3306 992 3389 quidem
1006 3306 1040 3370 in
1054 3327 1188 3370 numero
1204 3307 1302 3370 rdlam
1320 3328 1390 3372 esse

235 3412 379 3496 judicare
399 3415 481 3494 licet,
505 3436 587 3498 quae
603 3415 643 3479 ad
659 3414 844 3496 Menippum
864 3414 935 3496 jure
953 3413 1119 3479 referatur.
1163 3413 1280 3497 Itaque
1302 3415 1390 3497 ipsas

238 3522 358 3587 Horati
390 3528 516 3587 saturas
549 3544 620 3587 cum
648 3521 792 3586 Lucieno
826 3526 857 3585 et
878 3520 1034 3587 Varronis
1069 3513 1185 3586 saturis
1212 3521 1391 3605 Menippeis

240 3637 440 3714 comparatas
461 3630 539 3694 nihil
560 3630 602 3694 ad
620 3628 842 3695 stabiliendam
865 3629 1073 3711 suspicionem
1096 3629 1191 3707 illam,
1214 3626 1391 3694 Horatium

240 3760 331 3802 usum
353 3758 420 3802 esse
442 3737 602 3819 Menippo,
625 3735 769 3802 conferre
792 3735 901 3802 elucet.

341 3844 406 3911 Sed
423 3846 499 3929 jam,
522 3851 559 3908 nt
579 3843 717 3909 breviter
732 3842 1045 3926 comprehendamus,
1070 3864 1152 3926 quae
1168 3843 1392 3912 dissertatione

242 3953 401 4017 adfinem
428 3954 584 4037 perducta
610 3952 895 4037 comprobavimus,
929 3952 963 4015 in
985 3951 1170 4016 memoriam
1197 3973 1392 4035 revocemus,

243 4083 339 4144 quam
368 4063 452 4126 viam
482 4062 581 4127 secuti
608 4062 715 4126 simus.
772 4058 917 4125 Primum
942 4061 1041 4144 igitur
1065 4059 1207 4144 Menippi
1230 4061 1326 4126 vitam
1360 4069 1394 4129 et

244 4169 401 4234 scribendi
431 4191 530 4254 genus
562 4168 829 4233 adumbravimus.
878 4168 1003 4233 Deinde
1036 4169 1069 4233 in
1097 4168 1277 4232 universum
1309 4191 1394 4253 quae

243 4279 326 4350 ratio
347 4278 429 4349 inter
450 4276 623 4343 Horatium
647 4282 678 4342 et
699 4276 869 4361 scriptores
891 4275 1035 4345 Graecos
1056 4275 1273 4359 intercederet,
1298 4279 1395 4367 expli,
1455 4294 1460 4303 “
