3120 4838
710 277 922 339 -26..

244 450 329 509 certe
347 444 503 510 Horatius
529 446 645 510 nullius
675 447 852 529 exemplum
883 451 1009 510 secutus
1032 445 1133 511 affert
1186 445 1260 510 Hoc
1284 450 1393 510 autem

245 574 403 633 concesse,
425 554 562 619 concidit
584 555 751 619 verborum
772 555 952 633 similitudo,
977 576 1072 637 quarn
1092 556 1242 618 exsistere
1264 575 1394 618 necesse

243 662 311 738 fuit,
345 663 372 726 si
402 663 527 727 usitatis
560 662 666 727 verbis
699 664 857 727 Horatius
887 664 1074 727 sententiam
1106 684 1196 726 suam
1229 663 1394 745 expressit.

243 770 354 834 Manet
375 771 472 853 igitur
493 770 528 835 id
550 770 654 850 modo,
682 772 768 854 quod
791 779 823 836 et
842 771 999 835 Horatius
1028 778 1059 835 et
1078 770 1184 839 Varro
1210 771 1297 835 illam
1325 792 1395 835 scn-

243 878 389 959 tentiam‚
433 877 630 942 brevioribus
673 881 785 943 tunicis
817 880 984 944 nonnullos
1014 880 1075 959 uti,
1109 879 1228 942 comico
1265 886 1395 962 augent.

244 984 307 1050 Sed
326 1008 366 1049 ne
388 986 449 1049 hoc
472 987 600 1069 quidem
623 987 797 1069 quidquam
815 988 935 1051 referre
958 994 1043 1071 puto,
1067 1009 1138 1051 cum
1160 988 1284 1071 saepius
1293 987 1328 1072 ¹),
1358 993 1396 1051 ut

246 1094 278 1157 in
311 1093 425 1177 Tigelli
461 1095 671 1178 descriptione
681 1098 715 1181 ²),
750 1097 832 1161 hanc
869 1097 1020 1162 irridendi
1053 1097 1213 1177 risumque
1249 1095 1396 1160 movendi

244 1205 325 1268 viam
347 1203 506 1269 Horatius
528 1206 689 1287 ingressus
712 1206 760 1270 sit.

344 1311 460 1377 Horat.
473 1333 569 1379 carm.
581 1312 630 1377 IV
645 1317 693 1389 12,
713 1315 816 1378 1-6:
843 1313 930 1389 ,Jam
949 1314 1031 1376 veris
1049 1313 1187 1390 comites
1209 1332 1292 1394 quae
1306 1331 1397 1375 mare

242 1423 430 1502 temperant,
454 1420 627 1503 Impellunt
649 1422 774 1485 animae
794 1421 891 1485 lintea
914 1420 1089 1499 Thraciae3
1121 1421 1145 1485 J
1147 1442 1200 1484 am
1220 1440 1279 1483 nec
1300 1424 1398 1502 prata

242 1528 354 1610 rigent,
378 1549 437 1593 nec
458 1527 544 1593 fluvii
562 1536 707 1613 strepunt
728 1529 875 1593 Hiberna
899 1531 969 1593 nive
989 1529 1118 1611 turgidi.
1161 1527 1282 1591 Nidum
1297 1527 1397 1609 ponit,

243 1635 318 1719 Ityn
337 1636 484 1702 flebiliter
505 1660 643 1721 gameno,
667 1638 784 1702 Infel'm
806 1639 882 1700 aris‘
905 1644 937 1701 et
952 1637 1048 1705 Varr.
1062 1642 1120 1701 sat.
1134 1635 1274 1719 Menipp.
1296 1635 1396 1719 (Ries

243 1767 274 1827 p.
290 1748 362 1823 240,
380 1745 503 1826 xlm:
525 1769 590 1824 ,rer
612 1746 764 1810 blandum
785 1746 870 1828 riget
890 1746 980 1823 arvia,
1002 1744 1094 1809 adest
1108 1744 1222 1825 hospes
1238 1741 1398 1808 hirundo‘.

244 1853 476 1936 Praeterquam
509 1855 594 1936 quod
630 1854 798 1936 utrobique
832 1853 1024 1928 hirundinis
1064 1859 1100 1916 ut
1139 1853 1220 1915 veris
1255 1852 1397 1930 nuntiae,

245 1963 361 2026 mentio
382 1961 426 2039 fit,
456 1963 544 2027 nulla
566 1963 736 2027 similitudo
759 1964 843 2026 inter
863 1962 922 2025 has
944 1962 1026 2025 reris
1050 1960 1277 2043 descriptiones
1300 1961 1399 2023 inter-

245 2070 335 2137 cedit.
380 2070 474 2135 Haec
496 2094 560 2135 una
583 2078 689 2136 autem
709 2095 767 2154 per
790 2093 823 2135 se
841 2070 919 2134 nihil
935 2070 1028 2149 valet,
1050 2091 1122 2133 cum
1138 2068 1264 2151 saepius
1275 2068 1301 2152 ³)
1325 2090 1400 2131 eum

244 2180 277 2243 in
297 2178 425 2244 modum
448 2180 583 2244 hirundo
606 2180 804 2246 adhibeatur.
848 2179 964 2262 Neque
986 2177 1129 2260 profecto
1151 2199 1190 2241 ex
1207 2176 1358 2258 Menippo
1370 2177 1398 2262 4)

245 2289 354 2370 cynico
386 2288 468 2351 hane
495 2309 624 2352 suavem
649 2289 851 2372 lepidamque
874 2288 955 2352 veris
979 2286 1222 2368 descriptionem
1249 2284 1400 2348 haustam

246 2416 314 2461 esse
334 2395 483 2462 dicemus.
533 2393 536 2402 ’

346 2503 463 2572 Horat.
475 2505 554 2588 ep.·I
571 2509 601 2585 2,
620 2509 764 2571 47-49:
787 2503 871 2582 ,Non
895 2502 1006 2565 domus
1029 2507 1062 2566 et
1080 2500 1204 2575 fundus,
1228 2519 1291 2562 non
1314 2499 1400 2562 aeris
1487 2563 1491 2571 ,

246 2632 376 2677 acervus
400 2620 431 2677 et
453 2615 523 2713 apri
545 2614 691 2693 Aegroto
715 2613 833 2676 domini
857 2609 987 2674 deduxit
1015 2630 1147 2692 corpore
1178 2606 1293 2683 febres,
1322 2606 1401 2671 Non

247 2721 351 2784 animo
381 2727 484 2784 euras‘
515 2727 547 2785 et
568 2719 661 2787 Varr.
687 2727 745 2786 sat.
768 2719 909 2800 Menipp.
944 2718 1043 2801 (Ries.
1066 2739 1096 2799 p.
1122 2718 1215 2800 103):
1248 2713 1333 2791 ,Non
1364 2715 1402 2779 fit

248 2827 436 2907 thensauris,
457 2850 519 2892 non
538 2851 617 2892 auro
634 2829 739 2911 peetu’
756 2829 910 2892 solutum:
936 2826 1011 2891 Non
1030 2826 1161 2889 demunt
1177 2824 1288 2888 animis
1305 2845 1401 2888 curas

246 2958 284 3000 ae
299 2937 477 3020 relligiones
492 2937 666 3002 Persarum
682 2944 815 3012 montes
837 2957 901 3000 non
924 2935 1007 2998 atria
1024 2933 1112 2997 diviti
1129 2931 1264 2997 ‘cressit
1287 2929 1401 3014 Atque

246 3045 300 3108 illa
329 3046 494 3124 sententia,
524 3067 597 3110 cunr
628 3052 759 3109 externa
789 3043 875 3109 hona.
896 3041 1123 3126 possideamus,
1152 3061 1215 3104 non
1241 3037 1402 3104 beatiores

248 3173 304 3215 nos
328 3151 405 3230 fieri,
432 3154 477 3217 ita
499 3155 593 3236 plane
614 3153 798 3217 Horatiana
825 3157 881 3230 est,
913 3156 950 3214 ut
974 3151 1007 3212 in
1029 3147 1173 3212 omnibus
1200 3146 1265 3211 iere
1288 3149 1402 3211 cormi-

247 3258 340 3324 nibus
362 3261 544 3343 saepissime
567 3261 776 3346 repetaturl)
827 3259 919 3344 Quae
946 3257 1032 3340 quod
1062 3256 1191 3319 uberius
1215 3253 1402 3337 explicatur,

247 3367 363 3430 mirum
385 3373 533 3441 nonest,
569 3390 672 3451 neque
695 3369 787 3433 aliter
813 3390 852 3432 ea
874 3366 1026 3450 explicari
1058 3364 1162 3446 potuit
1188 3362 1247 3425 nisi
1276 3363 1331 3439 ita,
1365 3368 1402 3426 ut

248 3496 362 3539 aurum
391 3484 706 3555 commemoraretur,
739 3476 825 3558 quod
850 3475 1013 3539 hominum
1042 3491 1135 3534 curas
1169 3490 1233 3533 non
1266 3469 1402 3536 tolleret.

248 3582 289 3646 In
309 3583 358 3647 his
383 3583 463 3667 solis
484 3583 588 3647 uerbis
617 3591 737 3662 autem,
772 3605 850 3647 auro
879 3588 910 3645 et
938 3602 1029 3656 cura,
1056 3578 1162 3646 Varro
1192 3581 1223 3640 et
1243 3574 1403 3640 Horatius

249 3692 457 3769 consentiunt,
485 3713 584 3774 quare
605 3693 682 3757 nihil
704 3692 830 3756 omnino
859 3696 914 3767 est,
946 3710 1002 3753 eur
1024 3686 1136 3750 affines
1158 3685 1216 3748 hos
1238 3684 1324 3748 locos
1346 3683 1403 3748 dn·

352 3901 373 3968 ¹)
392 3899 425 3952 cf.
444 3897 541 3953 Theod.
567 3899 710 3952 Oesterlen.
733 3898 851 3964 ,Studien
873 3913 906 3948 zu
924 3896 1005 3962 Verg.
1024 3910 1049 3944 u.
1069 3893 1140 3944 Hor!
1166 3889 1301 3957 'tubingae
1329 3888 1403 3954 1885,

250 4006 274 4057 p.
293 3990 394 4042 50—70
414 3988 467 4050 ‚der
485 3988 585 4041 Humor
602 3988 643 4042 boi
662 3989 732 4041 Hor!
835 3988 857 4053 2)
876 3986 926 4037 sat.
943 3983 955 4035 Ι
974 3984 990 4034 3
1009 3982 1067 4034 init.

353 4079 374 4143 3)
391 4097 415 4132 v.
433 4079 481 4144 ed,
500 4080 621 4148 inprimis
638 4073 838 4140 Mitscherliohi,
858 4075 918 4129 adn.
937 4091 960 4128 a.
983 4074 1007 4127 h.
1027 4074 1044 4124 l.

352 4170 373 4235 ⁴)
393 4170 491 4224 Theod.
510 4167 625 4222 Arnold.
645 4170 663 4225 l.
681 4167 697 4221 l.
716 4186 741 4236 p.
762 4168 793 4219 14
811 4166 869 4218 adn.
890 4167 903 4217 1
924 4163 991 4218 dicit
1009 4163 1059 4227 ,die
1077 4156 1404 4227 Frdhlingsschilderung,

251 4277 329 4316 cerm.
346 4260 383 4313 IV
403 4260 442 4323 12,
468 4262 565 4327 lsqq,
590 4259 720 4313 ersehcint
741 4258 782 4311 als
801 4254 990 4323 Sammclplatz
1013 4253 1057 4305 der
1082 4248 1248 4318 geuthltest.
1269 4245 1403 4303 alexandr.

251 4351 330 4406 Ideeu
347 4349 390 4404 ub.
408 4348 463 4402 dies
482 4347 574 4416 Sujet‘.
683 4347 704 4417 ὁ)
723 4365 747 4401 v.
767 4346 808 4399 Fr.
824 4346 854 4397 E.
874 4343 921 4396 Th.
941 4341 1057 4397 Sehmidi
1074 4340 1133 4396 adn.
1152 4355 1176 4395 a.
1194 4337 1219 4392 h.
1238 4337 1256 4391 l.
