3120 4838
221 1066 398 1138 Horatius
427 1083 565 1161 quanto
595 1091 713 1160 opere
742 1092 926 1161 quamque
955 1066 1003 1137 ad
1032 1092 1197 1137 normam
1227 1084 1356 1139 totae

112 1196 207 1267 mina
227 1222 294 1266 sua
323 1221 345 1265 e
375 1195 530 1267 Graecis
558 1193 798 1288 expresserit,
820 1193 996 1289 quidquid
1025 1210 1152 1265 contra
1180 1195 1244 1267 viri
1273 1195 1372 1267 docti

114 1326 177 1397 nisi
215 1340 310 1406 sunt,
350 1339 504 1416 propter
544 1323 830 1418 fragmentorum
858 1320 995 1416 lyricae
1026 1322 1254 1394 Graecorum
1283 1323 1412 1418 poesis

114 1453 218 1525 nobis
248 1467 482 1522 servatorum
510 1450 732 1545 paucitatem
762 1477 855 1521 nunc
883 1467 986 1522 certo
1015 1450 1260 1522 demonstrari
1298 1467 1410 1546 atque

112 1580 301 1676 dijudicari
357 1579 493 1675 nequit.
565 1577 708 1650 Planius
754 1577 987 1672 intellegitur,
1035 1581 1223 1674 complura
1268 1576 1412 1676 singula
1475 1566 1479 1571 ’

113 1709 305 1780 enunciata
333 1706 522 1801 verbaque
558 1724 594 1777 et
621 1707 757 1779 varium
795 1704 1106 1802 multiplicemque
1142 1708 1320 1779 orationis
1356 1733 1411 1779 or-

114 1852 235 1907 natum
263 1834 459 1906 Horatium
487 1860 508 1904 a
537 1832 696 1906 Graecis
724 1834 911 1929 petivisse.
968 1834 1053 1927 Quo
1079 1835 1114 1907 in
1142 1861 1283 1930 genere
1313 1862 1410 1931 quae

114 1988 181 2059 pro
229 1980 401 2057 tempore
441 1961 621 2058 indagare
666 1979 778 2058 atque
820 1963 1046 2060 investigare
1088 1963 1187 2049 licet,
1230 1990 1276 2036 ea
1324 1980 1412 2059 post

114 2090 318 2164 Arnoldum
336 2094 362 2186 2)
401 2108 438 2162 et
472 2089 672 2162 Garckium
690 2090 730 2185 3),
765 2108 802 2161 ut
836 2091 1039 2163 veteriores
1076 2091 1262 2176 omittam,
1291 2090 1411 2163 Thall-

116 2220 249 2291 witzius
268 2223 294 2313 4)
331 2221 516 2311 collegere
558 2217 695 2313 coepit,
739 2218 840 2289 cuius
881 2219 1201 2291 commentationis
1235 2236 1410 2313 posterae

116 2364 240 2442 partes
259 2348 421 2418 nondum
434 2347 468 2417 in
488 2344 607 2418 lucem
626 2344 853 2441 prodierunt.

217 2475 320 2546 Idem
362 2474 538 2546 Horatius
579 2499 773 2569 quousque
815 2474 939 2546 metris
982 2475 1056 2546 suis
1096 2470 1219 2567 lyricis
1263 2474 1411 2546 Graeca

118 2620 229 2676 metra
255 2603 413 2674 imitatus
447 2602 654 2697 quibusque
689 2603 736 2673 ab
772 2603 986 2675 auctoribus
1022 2627 1089 2674 sua
1125 2617 1307 2673 mutuatus
1350 2602 1408 2691 sit,

118 2733 273 2803 nondum
302 2730 392 2802 satis
421 2747 577 2802 constat.
634 2729 865 2825 Quamquam
899 2731 995 2802 enim
1032 2732 1080 2802 de
1118 2728 1273 2818 ratione,
1312 2755 1409 2824 quae

119 2860 201 2932 inter
230 2860 309 2932 eius
342 2877 380 2931 et
412 2858 605 2954 lyricorum
632 2857 864 2930 Graecorum
897 2876 1016 2930 metra
1045 2856 1262 2945 intercedat,
1297 2855 1410 2932 multa

120 2989 357 3061 observarunt
402 2987 575 3083 imprimis
620 2985 667 3059 G.
698 2987 930 3058 Hermannus
948 2988 993 3081 ⁵),
1023 2987 1068 3060 R.
1099 2984 1351 3079 Westphalius
1368 2989 1408 3084 θ),

221 3198 237 3268 Ι)
276 3200 298 3247 Ε
321 3215 415 3263 magno
433 3199 594 3263 interpretum
613 3200 769 3262 aliorumque
786 3199 894 3248 virorum
913 3198 1043 3247 doctorum
1062 3213 1165 3247 numero
1192 3213 1270 3247 unum
1290 3200 1410 3251 eundem·

120 3305 162 3351 que
178 3292 372 3341 audacissimum
390 3291 518 3340 nominare
530 3291 590 3339 satis
602 3291 698 3340 habeo:
719 3290 861 3355 Campium,
882 3292 963 3355 quiin
976 3291 1194 3350 commentatione,
1214 3292 1254 3340 cui
1269 3292 1406 3357 inscripsit:

119 3379 194 3431 Horaz
212 3385 265 3432 und
283 3384 426 3443 Anakreon,
445 3384 536 3433 inserta
554 3384 579 3432 in
600 3386 726 3448 Philolog.
745 3383 840 3432 XXXI.
863 3382 938 3444 1872.
958 3400 982 3448 p.
1002 3383 1053 3444 667
1073 3399 1136 3447 sqq,
1155 3383 1286 3447 complura
1305 3382 1405 3431 Horatii

120 3477 220 3526 carmina
237 3478 390 3526 Anacreonti
409 3476 534 3527 vindicare
553 3477 642 3526 frustra
660 3493 718 3526 meo
736 3477 839 3541 quidem
855 3475 950 3541 judicio
968 3484 1074 3524 conatus
1092 3484 1136 3524 est.

216 3588 236 3659 ²)
274 3590 323 3638 Th.
343 3590 446 3638 Amold.
484 3591 566 3640 Ueber
591 3589 631 3639 die
650 3590 821 3655 griechischen
841 3589 944 3638 Studien
966 3588 1011 3637 des
1029 3588 1121 3637 Horaz.
1160 3587 1280 3652 zProgr.
1319 3586 1406 3637 Halle.

123 3676 240 3745 1855,56.

216 3772 236 3844 ³)
275 3775 307 3836 Q.
333 3775 440 3837 Horatii,
466 3776 552 3825 Flacci
577 3778 716 3826 carminum
743 3776 834 3824 librum
860 3773 1026 3822 Icollatione
1044 3774 1190 3838 scriptorum
1209 3771 1298 3822 Graec.
1317 3771 1405 3821 illustr.

119 3859 148 3910 H.
168 3866 199 3915 H.
219 3867 326 3916 Garclre.
346 3895 379 3904 -
398 3870 581 3932 Quaestionum
600 3871 632 3918 de
650 3869 786 3934 graecismo
805 3867 946 3915 Horatiano
965 3881 1023 3928 pars
1040 3866 1114 3929 prior.
1145 3864 1218 3912 Halis
1241 3863 1315 3912 1860.

216 3958 236 4028 ⁴)
275 3960 305 4008 Ε.
320 3960 463 4009 Thallwitz.
486 3962 526 4010 De
545 3962 651 4011 Horatio
670 3962 821 4010 Graecorum
839 3959 963 4007 imitatore
982 3958 1111 4021 specimen
1131 3957 1206 4021 prius.
1227 3953 1304 4021 (Diss.
1318 3956 1404 4019 inaug.

119 4044 266 4121 Lipsiensis).
285 4053 410 4101 Doebelni
433 4053 507 4115 1874.

216 4141 236 4212 ⁵)
275 4144 306 4192 G.
325 4144 456 4194 Hermann
474 4147 607 4195 Elementa
625 4148 752 4196 doctrinae
771 4146 894 4194 metricae.
914 4144 983 4207 Lips.
1007 4140 1081 4189 1816.

322 4238 356 4288 id.
393 4238 510 4303 Epitome
529 4239 657 4288 doctrinae
675 4240 797 4288 metricae.
818 4238 858 4286 ed.
877 4236 911 4284 II.
930 4235 1000 4298 Lips.
1023 4231 1099 4295 1854.

214 4327 238 4398 ⁰)
258 4331 289 4378 R.
309 4330 439 4395 Westphal
460 4329 522 4398 (und
541 4332 572 4381 A.
591 4329 731 4398 Rossbach)
750 4329 912 4382 Griechische
931 4325 1028 4374 Metrik.
1051 4338 1075 4374 2.
1094 4326 1165 4376 Aufl.
1189 4326 1304 4391 Leipzig.
1328 4323 1403 4374 1868.

121 4410 250 4480 (Rossbach
269 4425 321 4473 und
338 4423 478 4490 Westphal.
523 4424 683 4477 Griechische
709 4424 800 4480 Metrik
826 4422 860 4471 im
877 4419 968 4473 Vereiu
993 4419 1039 4473 mit
1064 4418 1114 4471 deu
1138 4418 1243 4487 tibrigen
1261 4384 1472 4562 musischs

121 4506 234 4567 Kuusten.
255 4530 278 4568 2.
298 4518 364 4571 Aufl.
384 4518 456 4571 Band
476 4517 510 4591 2.)
