<?xml version="1.0" encoding="UTF-8"?>
<!DOCTYPE html PUBLIC "-//W3C//DTD XHTML 1.0 Transitional//EN"
    "http://www.w3.org/TR/xhtml1/DTD/xhtml1-transitional.dtd">
<html xmlns="http://www.w3.org/1999/xhtml" xml:lang="en" lang="en">
 <head>
  <title>
</title>
<meta http-equiv="Content-Type" content="text/html;charset=utf-8" />
  <meta name='ocr-system' content='tesseract 3.04.00' />
  <meta name='ocr-capabilities' content='ocr_page ocr_carea ocr_par ocr_line ocrx_word'/>
</head>
<body>
  <div class='ocr_page' id='page_1' title='image "./deverborumcompo00horagoog/deverborumcompo00horagoog_0210.png"; bbox 0 0 3120 4838; ppageno 0'>
   <div class='ocr_carea' id='block_1_1' title="bbox 825 208 870 269">
    <p class='ocr_par' dir='ltr' id='par_1_1' title="bbox 825 208 870 269">
     <span class='ocr_line' id='line_1_1' title="bbox 825 208 870 269; baseline 0 0"><span class='ocrx_word' id='word_1_1' title='bbox 825 208 870 269; x_wconf 89' lang='lat'>44</span> 
     </span>
    </p>
   </div>
   <div class='ocr_carea' id='block_1_2' title="bbox 741 282 953 290">
    <p class='ocr_par' dir='ltr' id='par_1_2' title="bbox 741 282 953 290">
     <span class='ocr_line' id='line_1_2' title="bbox 741 282 953 290; baseline -0.005 0"><span class='ocrx_word' id='word_1_2' title='bbox 741 282 953 290; x_wconf 58' lang='lat'>.—</span> 
     </span>
    </p>
   </div>
   <div class='ocr_carea' id='block_1_3' title="bbox 200 404 1502 1034">
    <p class='ocr_par' dir='ltr' id='par_1_3' title="bbox 200 404 1502 1034">
     <span class='ocr_line' id='line_1_3' title="bbox 419 404 1236 501; baseline -0.005 -22"><span class='ocrx_word' id='word_1_3' title='bbox 419 430 476 500; x_wconf 87' lang='lat'>15.</span> <span class='ocrx_word' id='word_1_4' title='bbox 507 406 698 479; x_wconf 88' lang='lat' dir='ltr'>addivum</span> <span class='ocrx_word' id='word_1_5' title='bbox 728 407 935 501; x_wconf 80' lang='lat' dir='ltr'>Augustum</span> <span class='ocrx_word' id='word_1_6' title='bbox 964 404 1168 479; x_wconf 89' lang='lat' dir='ltr'>tetracolos</span> <span class='ocrx_word' id='word_1_7' title='bbox 1195 414 1236 498; x_wconf 74' lang='lat' dir='ltr'>y).</span> 
     </span>
     <span class='ocr_line' id='line_1_4' title="bbox 507 533 1502 630; baseline -0.002 -24"><span class='ocrx_word' id='word_1_8' title='bbox 507 535 555 606; x_wconf 92' lang='lat' dir='ltr'>ad</span> <span class='ocrx_word' id='word_1_9' title='bbox 584 534 791 630; x_wconf 74' lang='lat' dir='ltr'>Augustum</span> <span class='ocrx_word' id='word_1_10' title='bbox 821 533 1024 607; x_wconf 89' lang='lat' dir='ltr'>tetracolos</span> <span class='ocrx_word' id='word_1_11' title='bbox 1053 534 1086 604; x_wconf 80' lang='lat' dir='ltr'>A</span> <span class='ocrx_word' id='word_1_12' title='bbox 1120 534 1154 606; x_wconf 91' lang='lat' dir='ltr'>in</span> <span class='ocrx_word' id='word_1_13' title='bbox 1187 535 1354 628; x_wconf 79' lang='lat' dir='ltr'>margine</span> <span class='ocrx_word' id='word_1_14' title='bbox 1383 534 1502 627; x_wconf 72' lang='lat' dir='ltr'>(oden</span> 
     </span>
     <span class='ocr_line' id='line_1_5' title="bbox 495 661 696 757; baseline 0 -24"><span class='ocrx_word' id='word_1_15' title='bbox 495 661 614 735; x_wconf 90' lang='lat' dir='ltr'>omisit</span> <span class='ocrx_word' id='word_1_16' title='bbox 641 661 696 757; x_wconf 86' lang='lat' dir='ltr'>B).</span> 
     </span>
     <span class='ocr_line' id='line_1_6' title="bbox 200 809 1502 906; baseline 0 -24"><span class='ocrx_word' id='word_1_17' title='bbox 200 811 421 906; x_wconf 87' lang='lat' dir='ltr'>subscriptio</span> <span class='ocrx_word' id='word_1_18' title='bbox 450 813 671 906; x_wconf 90' lang='lat' dir='ltr'>epodorum:</span> <span class='ocrx_word' id='word_1_19' title='bbox 700 869 731 885; x_wconf 89' lang='lat'>..</span> <span class='ocrx_word' id='word_1_20' title='bbox 751 868 782 883; x_wconf 91' lang='lat'>..</span> <span class='ocrx_word' id='word_1_21' title='bbox 818 811 971 905; x_wconf 88' lang='lat' dir='ltr'>epodon</span> <span class='ocrx_word' id='word_1_22' title='bbox 1005 809 1160 906; x_wconf 84' lang='lat' dir='ltr'><strong>explicit.</strong></span> <span class='ocrx_word' id='word_1_23' title='bbox 1189 811 1316 906; x_wconf 89' lang='lat' dir='ltr'>incipit</span> <span class='ocrx_word' id='word_1_24' title='bbox 1344 837 1502 883; x_wconf 91' lang='lat' dir='ltr'>carmen</span> 
     </span>
     <span class='ocr_line' id='line_1_7' title="bbox 200 937 1068 1034; baseline 0.002 -24"><span class='ocrx_word' id='word_1_25' title='bbox 200 937 389 1012; x_wconf 79' lang='lat' dir='ltr'>saeculare</span> <span class='ocrx_word' id='word_1_26' title='bbox 536 938 744 1034; x_wconf 86' lang='lat' dir='ltr'>proseutice</span> <span class='ocrx_word' id='word_1_27' title='bbox 775 939 975 1010; x_wconf 90' lang='lat' dir='ltr'>tetracolos</span> <span class='ocrx_word' id='word_1_28' title='bbox 1005 939 1068 1031; x_wconf 74' lang='lat' dir='ltr'>Fy.</span> 
     </span>
    </p>
   </div>
   <div class='ocr_carea' id='block_1_4' title="bbox 304 1084 1505 1186">
    <p class='ocr_par' dir='ltr' id='par_1_4' title="bbox 304 1084 1505 1186">
     <span class='ocr_line' id='line_1_8' title="bbox 304 1084 1505 1186; baseline 0 -27"><span class='ocrx_word' id='word_1_29' title='bbox 304 1089 475 1184; x_wconf 91' lang='lat' dir='ltr'>Denique</span> <span class='ocrx_word' id='word_1_30' title='bbox 517 1086 658 1186; x_wconf 89' lang='lat' dir='ltr'>singula</span> <span class='ocrx_word' id='word_1_31' title='bbox 693 1087 798 1182; x_wconf 84' lang='lat' dir='ltr'>quasi</span> <span class='ocrx_word' id='word_1_32' title='bbox 842 1084 1003 1158; x_wconf 90' lang='lat' dir='ltr'>collecta</span> <span class='ocrx_word' id='word_1_33' title='bbox 1036 1088 1216 1181; x_wconf 79' lang='lat' dir='ltr'>praebent</span> <span class='ocrx_word' id='word_1_34' title='bbox 1251 1088 1420 1160; x_wconf 89' lang='lat' dir='ltr'>codices·</span> <span class='ocrx_word' id='word_1_35' title='bbox 1446 1088 1505 1159; x_wconf 79' lang='lat' dir='ltr'>At</span> 
     </span>
    </p>
   </div>
   <div class='ocr_carea' id='block_1_5' title="bbox 197 1212 1503 1572">
    <p class='ocr_par' dir='ltr' id='par_1_5' title="bbox 197 1212 1503 1572">
     <span class='ocr_line' id='line_1_9' title="bbox 197 1212 1502 1313; baseline -0.001 -25"><span class='ocrx_word' id='word_1_36' title='bbox 197 1218 232 1289; x_wconf 94' lang='lat' dir='ltr'>in</span> <span class='ocrx_word' id='word_1_37' title='bbox 266 1217 535 1313; x_wconf 87' lang='lat' dir='ltr'>subscriptione</span> <span class='ocrx_word' id='word_1_38' title='bbox 573 1217 650 1288; x_wconf 91' lang='lat' dir='ltr'>libri</span> <span class='ocrx_word' id='word_1_39' title='bbox 680 1215 736 1286; x_wconf 89' lang='grc' dir='ltr'>ΙΙΙ;</span> <span class='ocrx_word' id='word_1_40' title='bbox 764 1212 983 1286; x_wconf 92' lang='lat' dir='ltr'>monocolos</span> <span class='ocrx_word' id='word_1_41' title='bbox 1020 1230 1079 1286; x_wconf 90' lang='lat' dir='ltr'>est</span> <span class='ocrx_word' id='word_1_42' title='bbox 1114 1215 1285 1309; x_wconf 90' lang='lat' dir='ltr'>quotiens</span> <span class='ocrx_word' id='word_1_43' title='bbox 1316 1217 1392 1287; x_wconf 93' lang='lat' dir='ltr'>ode</span> <span class='ocrx_word' id='word_1_44' title='bbox 1425 1241 1502 1288; x_wconf 92' lang='lat' dir='ltr'>uno</span> 
     </span>
     <span class='ocr_line' id='line_1_10' title="bbox 197 1341 1500 1441; baseline -0.002 -23"><span class='ocrx_word' id='word_1_45' title='bbox 197 1362 313 1418; x_wconf 90' lang='lat' dir='ltr'>metro</span> <span class='ocrx_word' id='word_1_46' title='bbox 342 1346 420 1418; x_wconf 90' lang='lat' dir='ltr'>sine</span> <span class='ocrx_word' id='word_1_47' title='bbox 441 1342 588 1416; x_wconf 89' lang='lat' dir='ltr'>alterius</span> <span class='ocrx_word' id='word_1_48' title='bbox 609 1343 804 1416; x_wconf 88' lang='lat' dir='ltr'>amixtione</span> <span class='ocrx_word' id='word_1_49' title='bbox 825 1345 852 1421; x_wconf 61' lang='lat' dir='ltr'>&#39;e‘</span> <span class='ocrx_word' id='word_1_50' title='bbox 872 1346 956 1437; x_wconf 89' lang='lat' dir='ltr'>(om.</span> <span class='ocrx_word' id='word_1_51' title='bbox 969 1346 1002 1438; x_wconf 78' lang='grc' dir='ltr'>λ)</span> <span class='ocrx_word' id='word_1_52' title='bbox 1027 1341 1169 1414; x_wconf 92' lang='lat' dir='ltr'>dicolos</span> <span class='ocrx_word' id='word_1_53' title='bbox 1193 1341 1433 1441; x_wconf 80' lang='lat' dir='ltr'>(didoscolos</span> <span class='ocrx_word' id='word_1_54' title='bbox 1449 1345 1500 1440; x_wconf 77' lang='lat' dir='ltr'>A)</span> 
     </span>
     <span class='ocr_line' id='line_1_11' title="bbox 197 1469 1503 1572; baseline -0.001 -25"><span class='ocrx_word' id='word_1_55' title='bbox 197 1489 256 1547; x_wconf 92' lang='lat' dir='ltr'>est</span> <span class='ocrx_word' id='word_1_56' title='bbox 283 1474 318 1546; x_wconf 94' lang='lat' dir='ltr'>in</span> <span class='ocrx_word' id='word_1_57' title='bbox 346 1472 420 1545; x_wconf 91' lang='lat' dir='ltr'>ode</span> <span class='ocrx_word' id='word_1_58' title='bbox 450 1499 522 1568; x_wconf 91' lang='lat' dir='ltr'>que</span> <span class='ocrx_word' id='word_1_59' title='bbox 552 1469 605 1572; x_wconf 85' lang='lat' dir='ltr'>(q.</span> <span class='ocrx_word' id='word_1_60' title='bbox 635 1476 668 1568; x_wconf 81' lang='lat' dir='ltr'>t)</span> <span class='ocrx_word' id='word_1_61' title='bbox 702 1472 846 1544; x_wconf 92' lang='lat' dir='ltr'>duobus</span> <span class='ocrx_word' id='word_1_62' title='bbox 875 1471 1000 1543; x_wconf 87' lang='lat' dir='ltr'>metris</span> <span class='ocrx_word' id='word_1_63' title='bbox 1028 1471 1166 1566; x_wconf 89' lang='lat' dir='ltr'>scripta</span> <span class='ocrx_word' id='word_1_64' title='bbox 1195 1486 1261 1543; x_wconf 88' lang='lat' dir='ltr'>est.</span> <span class='ocrx_word' id='word_1_65' title='bbox 1291 1470 1503 1546; x_wconf 90' lang='lat' dir='ltr'>tetracolos</span> 
     </span>
    </p>
   </div>
   <div class='ocr_carea' id='block_1_6' title="bbox 190 1610 1505 4269">
    <p class='ocr_par' dir='ltr' id='par_1_6' title="bbox 195 1610 1505 2861">
     <span class='ocr_line' id='line_1_12' title="bbox 197 1610 1505 1710; baseline 0 -24"><span class='ocrx_word' id='word_1_66' title='bbox 197 1616 231 1687; x_wconf 95' lang='lat' dir='ltr'>in</span> <span class='ocrx_word' id='word_1_67' title='bbox 267 1641 340 1710; x_wconf 91' lang='lat' dir='ltr'>qua</span> <span class='ocrx_word' id='word_1_68' title='bbox 375 1630 460 1710; x_wconf 91' lang='lat' dir='ltr'>post</span> <span class='ocrx_word' id='word_1_69' title='bbox 498 1623 579 1709; x_wconf 79' lang='lat' dir='ltr'>(per</span> <span class='ocrx_word' id='word_1_70' title='bbox 607 1615 641 1708; x_wconf 75' lang='grc' dir='ltr'>λ)</span> <span class='ocrx_word' id='word_1_71' title='bbox 678 1611 772 1685; x_wconf 92' lang='lat' dir='ltr'>duos</span> <span class='ocrx_word' id='word_1_72' title='bbox 805 1627 868 1684; x_wconf 91' lang='lat' dir='ltr'>aut</span> <span class='ocrx_word' id='word_1_73' title='bbox 905 1628 981 1684; x_wconf 91' lang='lat' dir='ltr'>tres</span> <span class='ocrx_word' id='word_1_74' title='bbox 1014 1638 1143 1684; x_wconf 90' lang='lat' dir='ltr'>versus</span> <span class='ocrx_word' id='word_1_75' title='bbox 1179 1610 1249 1687; x_wconf 88' lang='lat' dir='ltr'>alia</span> <span class='ocrx_word' id='word_1_76' title='bbox 1284 1613 1505 1686; x_wconf 84' lang='lat' dir='ltr'>inchoantur</span> 
     </span>
     <span class='ocr_line' id='line_1_13' title="bbox 197 1738 1503 1828; baseline 0 -14"><span class='ocrx_word' id='word_1_77' title='bbox 197 1758 314 1815; x_wconf 89' lang='lat' dir='ltr'>metra</span> <span class='ocrx_word' id='word_1_78' title='bbox 342 1743 413 1826; x_wconf 67' lang='lat' dir='ltr'>An</span> <span class='ocrx_word' id='word_1_79' title='bbox 443 1742 503 1814; x_wconf 93' lang='lat' dir='ltr'>ubi</span> <span class='ocrx_word' id='word_1_80' title='bbox 530 1739 701 1813; x_wconf 89' lang='lat' dir='ltr'>Kellerus</span> <span class='ocrx_word' id='word_1_81' title='bbox 729 1754 898 1828; x_wconf 88' lang='lat' dir='ltr'>annotat,</span> <span class='ocrx_word' id='word_1_82' title='bbox 937 1738 1069 1811; x_wconf 89' lang='lat' dir='ltr'>eadem</span> <span class='ocrx_word' id='word_1_83' title='bbox 1103 1739 1180 1813; x_wconf 86' lang='lat' dir='ltr'>fere</span> <span class='ocrx_word' id='word_1_84' title='bbox 1222 1740 1257 1812; x_wconf 93' lang='lat' dir='ltr'>in</span> <span class='ocrx_word' id='word_1_85' title='bbox 1287 1742 1373 1815; x_wconf 92' lang='lat' dir='ltr'>cod.</span> <span class='ocrx_word' id='word_1_86' title='bbox 1405 1769 1424 1827; x_wconf 80' lang='grc' dir='ltr'><strong><em>ς</em></strong></span> <span class='ocrx_word' id='word_1_87' title='bbox 1455 1742 1503 1814; x_wconf 91' lang='lat' dir='ltr'>ad</span> 
     </span>
     <span class='ocr_line' id='line_1_14' title="bbox 198 1866 1499 1968; baseline 0 -25"><span class='ocrx_word' id='word_1_88' title='bbox 198 1896 230 1945; x_wconf 87' lang='lat' dir='ltr'>e.</span> <span class='ocrx_word' id='word_1_89' title='bbox 260 1872 273 1943; x_wconf 93' lang='lat'><em>1</em></span> <span class='ocrx_word' id='word_1_90' title='bbox 308 1895 320 1942; x_wconf 93' lang='lat'>1</span> <span class='ocrx_word' id='word_1_91' title='bbox 354 1868 439 1968; x_wconf 89' lang='lat' dir='ltr'>legi.</span> <span class='ocrx_word' id='word_1_92' title='bbox 495 1869 628 1965; x_wconf 86' lang='lat' dir='ltr'>Neque</span> <span class='ocrx_word' id='word_1_93' title='bbox 655 1869 693 1940; x_wconf 91' lang='lat' dir='ltr'>id</span> <span class='ocrx_word' id='word_1_94' title='bbox 729 1866 1005 1964; x_wconf 88' lang='lat' dir='ltr'>neglegendum</span> <span class='ocrx_word' id='word_1_95' title='bbox 1033 1884 1103 1953; x_wconf 90' lang='lat' dir='ltr'>est,</span> <span class='ocrx_word' id='word_1_96' title='bbox 1132 1868 1166 1939; x_wconf 93' lang='lat' dir='ltr'>in</span> <span class='ocrx_word' id='word_1_97' title='bbox 1194 1869 1304 1942; x_wconf 89' lang='lat' dir='ltr'>codd.</span> <span class='ocrx_word' id='word_1_98' title='bbox 1333 1897 1384 1941; x_wconf 77' lang='lat' dir='ltr'>nu</span> <span class='ocrx_word' id='word_1_99' title='bbox 1416 1896 1499 1943; x_wconf 90' lang='lat' dir='ltr'>eas·</span> 
     </span>
     <span class='ocr_line' id='line_1_15' title="bbox 196 1995 1503 2094; baseline 0 -24"><span class='ocrx_word' id='word_1_100' title='bbox 196 1999 304 2087; x_wconf 91' lang='lat' dir='ltr'>dem,</span> <span class='ocrx_word' id='word_1_101' title='bbox 338 2024 432 2094; x_wconf 90' lang='lat' dir='ltr'>quas</span> <span class='ocrx_word' id='word_1_102' title='bbox 461 1999 496 2071; x_wconf 93' lang='lat' dir='ltr'>in</span> <span class='ocrx_word' id='word_1_103' title='bbox 525 1997 567 2082; x_wconf 85' lang='lat' dir='ltr'>F,</span> <span class='ocrx_word' id='word_1_104' title='bbox 604 1997 861 2092; x_wconf 89' lang='lat' dir='ltr'>inscriptiones</span> <span class='ocrx_word' id='word_1_105' title='bbox 892 1995 986 2094; x_wconf 90' lang='lat' dir='ltr'>legi,</span> <span class='ocrx_word' id='word_1_106' title='bbox 1024 2022 1097 2092; x_wconf 94' lang='lat' dir='ltr'>quo</span> <span class='ocrx_word' id='word_1_107' title='bbox 1126 1995 1263 2068; x_wconf 86' lang='lat' dir='ltr'>sactum</span> <span class='ocrx_word' id='word_1_108' title='bbox 1292 2014 1370 2082; x_wconf 89' lang='lat' dir='ltr'>est,</span> <span class='ocrx_word' id='word_1_109' title='bbox 1410 2015 1452 2070; x_wconf 90' lang='lat' dir='ltr'>ut</span> <span class='ocrx_word' id='word_1_110' title='bbox 1481 2025 1503 2070; x_wconf 92' lang='lat' dir='ltr'>a</span> 
     </span>
     <span class='ocr_line' id='line_1_16' title="bbox 195 2121 1501 2221; baseline 0 -23"><span class='ocrx_word' id='word_1_111' title='bbox 195 2124 347 2198; x_wconf 90' lang='lat' dir='ltr'>Kellero</span> <span class='ocrx_word' id='word_1_112' title='bbox 389 2127 487 2221; x_wconf 91' lang='lat' dir='ltr'>typis</span> <span class='ocrx_word' id='word_1_113' title='bbox 530 2150 601 2198; x_wconf 94' lang='lat' dir='ltr'>non</span> <span class='ocrx_word' id='word_1_114' title='bbox 643 2125 942 2220; x_wconf 87' lang='lat' dir='ltr'>exprimerentur.</span> <span class='ocrx_word' id='word_1_115' title='bbox 979 2124 1023 2197; x_wconf 84' lang='lat' dir='ltr'>ci.</span> <span class='ocrx_word' id='word_1_116' title='bbox 1059 2121 1187 2196; x_wconf 89' lang='lat' dir='ltr'>Keller</span> <span class='ocrx_word' id='word_1_117' title='bbox 1221 2124 1268 2195; x_wconf 92' lang='lat' dir='ltr'>ad</span> <span class='ocrx_word' id='word_1_118' title='bbox 1297 2150 1327 2197; x_wconf 92' lang='lat' dir='ltr'>c.</span> <span class='ocrx_word' id='word_1_119' title='bbox 1357 2124 1372 2194; x_wconf 94' lang='lat' dir='ltr'>I</span> <span class='ocrx_word' id='word_1_120' title='bbox 1407 2150 1437 2197; x_wconf 92' lang='lat'>1.</span> <span class='ocrx_word' id='word_1_121' title='bbox 1466 2127 1501 2198; x_wconf 89' lang='lat' dir='ltr'><strong>A</strong></span> 
     </span>
     <span class='ocr_line' id='line_1_17' title="bbox 196 2233 1500 2349; baseline 0.002 -25"><span class='ocrx_word' id='word_1_122' title='bbox 196 2280 270 2349; x_wconf 94' lang='lat' dir='ltr'>quo</span> <span class='ocrx_word' id='word_1_123' title='bbox 297 2253 461 2327; x_wconf 91' lang='lat' dir='ltr'>codicum</span> <span class='ocrx_word' id='word_1_124' title='bbox 488 2269 669 2326; x_wconf 89' lang='lat' dir='ltr'>concentu</span> <span class='ocrx_word' id='word_1_125' title='bbox 698 2233 795 2348; x_wconf 89' lang='lat' dir='ltr'>quae</span> <span class='ocrx_word' id='word_1_126' title='bbox 825 2253 1055 2348; x_wconf 90' lang='lat' dir='ltr'>discrepant,</span> <span class='ocrx_word' id='word_1_127' title='bbox 1092 2269 1130 2323; x_wconf 89' lang='lat' dir='ltr'>ut</span> <span class='ocrx_word' id='word_1_128' title='bbox 1149 2252 1222 2323; x_wconf 91' lang='lat' dir='ltr'>ode</span> <span class='ocrx_word' id='word_1_129' title='bbox 1251 2252 1362 2344; x_wconf 76' lang='lat'>[1123</span> <span class='ocrx_word' id='word_1_130' title='bbox 1393 2279 1500 2348; x_wconf 91' lang='lat' dir='ltr'>pros·</span> 
     </span>
     <span class='ocr_line' id='line_1_18' title="bbox 195 2380 1499 2475; baseline -0.001 -21"><span class='ocrx_word' id='word_1_131' title='bbox 195 2382 314 2455; x_wconf 92' lang='lat' dir='ltr'>eutice</span> <span class='ocrx_word' id='word_1_132' title='bbox 354 2380 569 2454; x_wconf 92' lang='lat' dir='ltr'>monocolos</span> <span class='ocrx_word' id='word_1_133' title='bbox 604 2383 692 2475; x_wconf 76' lang='lat' dir='ltr'>Fyl,</span> <span class='ocrx_word' id='word_1_134' title='bbox 722 2383 771 2454; x_wconf 90' lang='lat' dir='ltr'>IV</span> <span class='ocrx_word' id='word_1_135' title='bbox 800 2385 820 2452; x_wconf 90' lang='lat'>8</span> <span class='ocrx_word' id='word_1_136' title='bbox 856 2381 1117 2455; x_wconf 90' lang='lat' dir='ltr'>encomiastice</span> <span class='ocrx_word' id='word_1_137' title='bbox 1153 2381 1360 2452; x_wconf 91' lang='lat' dir='ltr'>tetracolos</span> <span class='ocrx_word' id='word_1_138' title='bbox 1389 2410 1420 2474; x_wconf 86' lang='grc' dir='ltr'>γ,</span> <span class='ocrx_word' id='word_1_139' title='bbox 1449 2382 1499 2453; x_wconf 93' lang='lat' dir='ltr'>IV</span> 
     </span>
     <span class='ocr_line' id='line_1_19' title="bbox 198 2508 1499 2605; baseline 0.002 -24"><span class='ocrx_word' id='word_1_140' title='bbox 198 2534 217 2603; x_wconf 84' lang='lat'>3</span> <span class='ocrx_word' id='word_1_141' title='bbox 257 2512 471 2605; x_wconf 90' lang='lat' dir='ltr'>proseutice</span> <span class='ocrx_word' id='word_1_142' title='bbox 513 2511 714 2583; x_wconf 89' lang='lat' dir='ltr'>tetracolos</span> <span class='ocrx_word' id='word_1_143' title='bbox 753 2508 843 2602; x_wconf 78' lang='grc' dir='ltr'>Αλγ,</span> <span class='ocrx_word' id='word_1_144' title='bbox 887 2511 935 2581; x_wconf 91' lang='lat' dir='ltr'>IV</span> <span class='ocrx_word' id='word_1_145' title='bbox 972 2514 990 2600; x_wconf 86' lang='lat'><em>7</em></span> <span class='ocrx_word' id='word_1_146' title='bbox 1034 2508 1249 2605; x_wconf 88' lang='lat' dir='ltr'>paranetice</span> <span class='ocrx_word' id='word_1_147' title='bbox 1292 2513 1499 2584; x_wconf 89' lang='lat' dir='ltr'>tetracolos</span> 
     </span>
     <span class='ocr_line' id='line_1_20' title="bbox 195 2635 1498 2733; baseline 0.003 -24"><span class='ocrx_word' id='word_1_148' title='bbox 195 2639 305 2732; x_wconf 72' lang='lat' dir='ltr'>Assyt</span> <span class='ocrx_word' id='word_1_149' title='bbox 332 2635 575 2733; x_wconf 84' lang='lat' dir='ltr'>appellentur,</span> <span class='ocrx_word' id='word_1_150' title='bbox 606 2663 653 2710; x_wconf 91' lang='lat' dir='ltr'>ea</span> <span class='ocrx_word' id='word_1_151' title='bbox 685 2636 916 2710; x_wconf 87' lang='lat' dir='ltr'>librariorum</span> <span class='ocrx_word' id='word_1_152' title='bbox 951 2638 1094 2711; x_wconf 91' lang='lat' dir='ltr'>mendis</span> <span class='ocrx_word' id='word_1_153' title='bbox 1130 2652 1211 2708; x_wconf 93' lang='lat' dir='ltr'>orta</span> <span class='ocrx_word' id='word_1_154' title='bbox 1245 2662 1348 2721; x_wconf 89' lang='lat' dir='ltr'>esse,</span> <span class='ocrx_word' id='word_1_155' title='bbox 1388 2656 1498 2713; x_wconf 90' lang='lat' dir='ltr'>recte</span> 
     </span>
     <span class='ocr_line' id='line_1_21' title="bbox 195 2765 1265 2861; baseline -0.001 -23"><span class='ocrx_word' id='word_1_156' title='bbox 195 2767 386 2861; x_wconf 86' lang='lat' dir='ltr'>perspexit</span> <span class='ocrx_word' id='word_1_157' title='bbox 414 2765 593 2839; x_wconf 87' lang='lat' dir='ltr'>Christius</span> <span class='ocrx_word' id='word_1_158' title='bbox 620 2765 844 2861; x_wconf 86' lang='lat' dir='ltr'>(Verskunst</span> <span class='ocrx_word' id='word_1_159' title='bbox 872 2781 941 2838; x_wconf 91' lang='lat' dir='ltr'>etc.</span> <span class='ocrx_word' id='word_1_160' title='bbox 971 2791 1005 2860; x_wconf 93' lang='lat' dir='ltr'>p.</span> <span class='ocrx_word' id='word_1_161' title='bbox 1038 2787 1082 2858; x_wconf 83' lang='lat'>35</span> <span class='ocrx_word' id='word_1_162' title='bbox 1114 2766 1159 2837; x_wconf 82' lang='lat' dir='ltr'>A.</span> <span class='ocrx_word' id='word_1_163' title='bbox 1195 2770 1265 2861; x_wconf 88' lang='lat'>11.)</span> 
     </span>
    </p>

    <p class='ocr_par' dir='ltr' id='par_1_7' title="bbox 190 2891 1499 4269">
     <span class='ocr_line' id='line_1_22' title="bbox 301 2891 1498 2982; baseline 0.003 -17"><span class='ocrx_word' id='word_1_164' title='bbox 301 2895 349 2967; x_wconf 91' lang='lat' dir='ltr'>Et</span> <span class='ocrx_word' id='word_1_165' title='bbox 376 2893 538 2982; x_wconf 91' lang='lat' dir='ltr'>omnino,</span> <span class='ocrx_word' id='word_1_166' title='bbox 569 2893 602 2965; x_wconf 96' lang='lat' dir='ltr'>ni</span> <span class='ocrx_word' id='word_1_167' title='bbox 632 2891 754 2982; x_wconf 88' lang='lat' dir='ltr'>fallor,</span> <span class='ocrx_word' id='word_1_168' title='bbox 790 2893 826 2965; x_wconf 94' lang='lat' dir='ltr'>in</span> <span class='ocrx_word' id='word_1_169' title='bbox 852 2895 919 2966; x_wconf 91' lang='lat' dir='ltr'>hac</span> <span class='ocrx_word' id='word_1_170' title='bbox 947 2893 1105 2966; x_wconf 86' lang='lat' dir='ltr'>virorum</span> <span class='ocrx_word' id='word_1_171' title='bbox 1133 2895 1323 2965; x_wconf 89' lang='lat' dir='ltr'>doctorum</span> <span class='ocrx_word' id='word_1_172' title='bbox 1354 2896 1498 2969; x_wconf 90' lang='lat' dir='ltr'>dissen-</span> 
     </span>
     <span class='ocr_line' id='line_1_23' title="bbox 196 3019 1498 3115; baseline 0.003 -22"><span class='ocrx_word' id='word_1_173' title='bbox 196 3021 299 3093; x_wconf 90' lang='lat' dir='ltr'>sione</span> <span class='ocrx_word' id='word_1_174' title='bbox 335 3022 470 3115; x_wconf 93' lang='lat' dir='ltr'>primus</span> <span class='ocrx_word' id='word_1_175' title='bbox 500 3022 680 3096; x_wconf 86' lang='lat' dir='ltr'>Christius</span> <span class='ocrx_word' id='word_1_176' title='bbox 717 3021 844 3094; x_wconf 92' lang='lat' dir='ltr'>horum</span> <span class='ocrx_word' id='word_1_177' title='bbox 879 3019 1099 3094; x_wconf 87' lang='lat' dir='ltr'>scholiorum</span> <span class='ocrx_word' id='word_1_178' title='bbox 1136 3022 1359 3095; x_wconf 86' lang='lat' dir='ltr'>mentionem</span> <span class='ocrx_word' id='word_1_179' title='bbox 1396 3024 1498 3111; x_wconf 86' lang='lat' dir='ltr'>lecit,</span> 
     </span>
     <span class='ocr_line' id='line_1_24' title="bbox 195 3146 1498 3246; baseline 0.005 -26"><span class='ocrx_word' id='word_1_180' title='bbox 195 3147 264 3220; x_wconf 90' lang='lat' dir='ltr'>sed</span> <span class='ocrx_word' id='word_1_181' title='bbox 291 3148 369 3220; x_wconf 90' lang='lat' dir='ltr'>sine</span> <span class='ocrx_word' id='word_1_182' title='bbox 398 3146 630 3246; x_wconf 81' lang='lat' dir='ltr'>diligentiore</span> <span class='ocrx_word' id='word_1_183' title='bbox 661 3149 891 3245; x_wconf 87' lang='lat' dir='ltr'>inquisitione</span> <span class='ocrx_word' id='word_1_184' title='bbox 919 3147 1050 3222; x_wconf 92' lang='lat' dir='ltr'>nullam</span> <span class='ocrx_word' id='word_1_185' title='bbox 1077 3173 1204 3221; x_wconf 93' lang='lat' dir='ltr'>eorum</span> <span class='ocrx_word' id='word_1_186' title='bbox 1238 3151 1498 3226; x_wconf 90' lang='lat' dir='ltr'>auctoritatem</span> 
     </span>
     <span class='ocr_line' id='line_1_25' title="bbox 195 3277 1497 3374; baseline 0.005 -26"><span class='ocrx_word' id='word_1_187' title='bbox 195 3302 297 3360; x_wconf 85' lang='lat' dir='ltr'>esse,</span> <span class='ocrx_word' id='word_1_188' title='bbox 335 3277 525 3349; x_wconf 88' lang='lat' dir='ltr'>contendit</span> <span class='ocrx_word' id='word_1_189' title='bbox 566 3279 705 3374; x_wconf 86' lang='lat' dir='ltr'>magis,</span> <span class='ocrx_word' id='word_1_190' title='bbox 746 3302 858 3372; x_wconf 90' lang='lat' dir='ltr'>quam</span> <span class='ocrx_word' id='word_1_191' title='bbox 892 3277 1072 3372; x_wconf 90' lang='lat' dir='ltr'>probavit.</span> <span class='ocrx_word' id='word_1_192' title='bbox 1136 3277 1366 3351; x_wconf 90' lang='lat' dir='ltr'>Contrarium</span> <span class='ocrx_word' id='word_1_193' title='bbox 1402 3307 1497 3354; x_wconf 81' lang='lat' dir='ltr'>vero</span> 
     </span>
     <span class='ocr_line' id='line_1_26' title="bbox 196 3404 1496 3501; baseline 0.005 -26"><span class='ocrx_word' id='word_1_194' title='bbox 196 3429 328 3498; x_wconf 87' lang='lat' dir='ltr'>nuper,</span> <span class='ocrx_word' id='word_1_195' title='bbox 358 3404 417 3497; x_wconf 95' lang='lat' dir='ltr'>qui</span> <span class='ocrx_word' id='word_1_196' title='bbox 453 3405 575 3476; x_wconf 90' lang='lat' dir='ltr'>denuo</span> <span class='ocrx_word' id='word_1_197' title='bbox 614 3405 648 3477; x_wconf 90' lang='lat' dir='ltr'>in</span> <span class='ocrx_word' id='word_1_198' title='bbox 681 3407 747 3476; x_wconf 89' lang='lat' dir='ltr'>has</span> <span class='ocrx_word' id='word_1_199' title='bbox 780 3406 973 3477; x_wconf 85' lang='lat' dir='ltr'>carminum</span> <span class='ocrx_word' id='word_1_200' title='bbox 1010 3404 1267 3500; x_wconf 91' lang='lat' dir='ltr'>inscriptiones</span> <span class='ocrx_word' id='word_1_201' title='bbox 1299 3406 1496 3501; x_wconf 79' lang='lat' dir='ltr'>inquisivit,</span> 
     </span>
     <span class='ocr_line' id='line_1_27' title="bbox 195 3529 1499 3632; baseline 0.004 -28"><span class='ocrx_word' id='word_1_202' title='bbox 195 3529 473 3632; x_wconf 88' lang='lat' dir='ltr'>Kiesslingius¹)</span> <span class='ocrx_word' id='word_1_203' title='bbox 503 3549 605 3604; x_wconf 92' lang='lat' dir='ltr'>certa</span> <span class='ocrx_word' id='word_1_204' title='bbox 642 3533 784 3605; x_wconf 88' lang='lat' dir='ltr'>ratione</span> <span class='ocrx_word' id='word_1_205' title='bbox 820 3531 954 3617; x_wconf 84' lang='lat' dir='ltr'>effecit,</span> <span class='ocrx_word' id='word_1_206' title='bbox 993 3533 1094 3604; x_wconf 92' lang='lat' dir='ltr'>cuius</span> <span class='ocrx_word' id='word_1_207' title='bbox 1131 3532 1410 3628; x_wconf 71' lang='lat' dir='ltr'>disputationis,</span> <span class='ocrx_word' id='word_1_208' title='bbox 1448 3564 1499 3619; x_wconf 78' lang='lat' dir='ltr'>ne</span> 
     </span>
     <span class='ocr_line' id='line_1_28' title="bbox 192 3642 1498 3755; baseline 0.005 -24"><span class='ocrx_word' id='word_1_209' title='bbox 192 3658 337 3755; x_wconf 84' lang='lat' dir='ltr'>longius</span> <span class='ocrx_word' id='word_1_210' title='bbox 370 3660 581 3733; x_wconf 91' lang='lat' dir='ltr'>demoratus</span> <span class='ocrx_word' id='word_1_211' title='bbox 620 3658 763 3755; x_wconf 86' lang='lat' dir='ltr'>singula</span> <span class='ocrx_word' id='word_1_212' title='bbox 799 3685 1026 3749; x_wconf 89' lang='lat' dir='ltr'>enumerem,</span> <span class='ocrx_word' id='word_1_213' title='bbox 1070 3686 1247 3733; x_wconf 88' lang='lat' dir='ltr'>summam</span> <span class='ocrx_word' id='word_1_214' title='bbox 1284 3661 1366 3755; x_wconf 93' lang='lat' dir='ltr'>ipse</span> <span class='ocrx_word' id='word_1_215' title='bbox 1407 3642 1498 3739; x_wconf 84' lang='lat' dir='ltr'>facit</span> 
     </span>
     <span class='ocr_line' id='line_1_29' title="bbox 193 3788 1496 3886; baseline 0.005 -27"><span class='ocrx_word' id='word_1_216' title='bbox 193 3789 303 3861; x_wconf 91' lang='lat' dir='ltr'>hanc:</span> <span class='ocrx_word' id='word_1_217' title='bbox 347 3813 451 3858; x_wconf 82' lang='lat' dir='ltr'>»cum</span> <span class='ocrx_word' id='word_1_218' title='bbox 491 3788 525 3860; x_wconf 93' lang='lat' dir='ltr'>in</span> <span class='ocrx_word' id='word_1_219' title='bbox 567 3788 805 3886; x_wconf 90' lang='lat' dir='ltr'>praescriptis</span> <span class='ocrx_word' id='word_1_220' title='bbox 847 3788 1044 3861; x_wconf 90' lang='lat' dir='ltr'>carminum</span> <span class='ocrx_word' id='word_1_221' title='bbox 1081 3789 1369 3862; x_wconf 88' lang='lat' dir='ltr'>Horatianorum</span> <span class='ocrx_word' id='word_1_222' title='bbox 1413 3793 1496 3866; x_wconf 88' lang='lat' dir='ltr'>hinc</span> 
     </span>
     <span class='ocr_line' id='line_1_30' title="bbox 190 3913 1496 4012; baseline 0.006 -26"><span class='ocrx_word' id='word_1_223' title='bbox 190 3913 282 3988; x_wconf 93' lang='lat' dir='ltr'>illinc</span> <span class='ocrx_word' id='word_1_224' title='bbox 311 3930 519 4010; x_wconf 87' lang='lat' dir='ltr'>appareant</span> <span class='ocrx_word' id='word_1_225' title='bbox 546 3913 688 3989; x_wconf 91' lang='lat' dir='ltr'>solidae</span> <span class='ocrx_word' id='word_1_226' title='bbox 715 3915 906 3988; x_wconf 89' lang='lat' dir='ltr'>doctrinae</span> <span class='ocrx_word' id='word_1_227' title='bbox 935 3931 1046 4012; x_wconf 86' lang='lat' dir='ltr'>atque</span> <span class='ocrx_word' id='word_1_228' title='bbox 1075 3931 1267 3988; x_wconf 87' lang='lat' dir='ltr'>accuratae</span> <span class='ocrx_word' id='word_1_229' title='bbox 1305 3917 1496 3994; x_wconf 92' lang='lat' dir='ltr'>hominum</span> 
     </span>
     <span class='ocr_line' id='line_1_31' title="bbox 193 4043 1496 4146; baseline 0.007 -31"><span class='ocrx_word' id='word_1_230' title='bbox 193 4043 253 4138; x_wconf 92' lang='lat' dir='ltr'>qui</span> <span class='ocrx_word' id='word_1_231' title='bbox 280 4043 441 4140; x_wconf 84' lang='lat' dir='ltr'>Augusti</span> <span class='ocrx_word' id='word_1_232' title='bbox 469 4044 697 4139; x_wconf 91' lang='lat' dir='ltr'>temporibus</span> <span class='ocrx_word' id='word_1_233' title='bbox 724 4044 890 4116; x_wconf 87' lang='lat' dir='ltr'>vixerunt</span> <span class='ocrx_word' id='word_1_234' title='bbox 916 4043 1134 4140; x_wconf 83' lang='lat' dir='ltr'>cognitionis</span> <span class='ocrx_word' id='word_1_235' title='bbox 1163 4044 1329 4139; x_wconf 87' lang='lat' dir='ltr'>vestigia,</span> <span class='ocrx_word' id='word_1_236' title='bbox 1356 4073 1496 4146; x_wconf 91' lang='lat' dir='ltr'>nequa-</span> 
     </span>
     <span class='ocr_line' id='line_1_32' title="bbox 191 4168 1497 4269; baseline 0.008 -27"><span class='ocrx_word' id='word_1_237' title='bbox 191 4196 302 4268; x_wconf 88' lang='lat' dir='ltr'>quam</span> <span class='ocrx_word' id='word_1_238' title='bbox 331 4196 376 4244; x_wconf 94' lang='lat' dir='ltr'>ea</span> <span class='ocrx_word' id='word_1_239' title='bbox 407 4196 428 4241; x_wconf 92' lang='lat' dir='ltr'>a</span> <span class='ocrx_word' id='word_1_240' title='bbox 456 4168 608 4244; x_wconf 91' lang='lat' dir='ltr'>librariis</span> <span class='ocrx_word' id='word_1_241' title='bbox 637 4172 798 4244; x_wconf 84' lang='lat' dir='ltr'>conflata</span> <span class='ocrx_word' id='word_1_242' title='bbox 817 4199 903 4245; x_wconf 89' lang='lat' dir='ltr'>esse</span> <span class='ocrx_word' id='word_1_243' title='bbox 930 4187 1093 4268; x_wconf 91' lang='lat' dir='ltr'>possunt,</span> <span class='ocrx_word' id='word_1_244' title='bbox 1122 4172 1191 4244; x_wconf 90' lang='lat' dir='ltr'>sed</span> <span class='ocrx_word' id='word_1_245' title='bbox 1213 4190 1390 4269; x_wconf 87' lang='lat' dir='ltr'>excerpta</span> <span class='ocrx_word' id='word_1_246' title='bbox 1411 4195 1497 4252; x_wconf 92' lang='lat' dir='ltr'>sunt</span> 
     </span>
    </p>
   </div>
   <div class='ocr_carea' id='block_1_7' title="bbox 193 4334 458 4345">
    <p class='ocr_par' dir='ltr' id='par_1_8' title="bbox 193 4334 458 4345">
     <span class='ocr_line' id='line_1_33' title="bbox 193 4334 458 4345; baseline -0.015 0"><span class='ocrx_word' id='word_1_247' title='bbox 193 4334 458 4345; x_wconf 64' lang='lat'>———-—-——-</span> 
     </span>
    </p>
   </div>
   <div class='ocr_carea' id='block_1_8' title="bbox 189 4407 1497 4570">
    <p class='ocr_par' dir='ltr' id='par_1_9' title="bbox 189 4407 1497 4570">
     <span class='ocr_line' id='line_1_34' title="bbox 296 4407 1497 4481; baseline 0.01 -22"><span class='ocrx_word' id='word_1_248' title='bbox 296 4407 315 4478; x_wconf 92' lang='lat'>¹)</span> <span class='ocrx_word' id='word_1_249' title='bbox 334 4408 470 4475; x_wconf 86' lang='lat' dir='ltr'>Kiessling,</span> <span class='ocrx_word' id='word_1_250' title='bbox 493 4410 533 4458; x_wconf 89' lang='lat' dir='ltr'>De</span> <span class='ocrx_word' id='word_1_251' title='bbox 543 4408 631 4460; x_wconf 89' lang='lat' dir='ltr'>Horat.</span> <span class='ocrx_word' id='word_1_252' title='bbox 644 4411 783 4463; x_wconf 79' lang='lat' dir='ltr'>carminum</span> <span class='ocrx_word' id='word_1_253' title='bbox 794 4411 997 4481; x_wconf 86' lang='lat' dir='ltr'>inscriptionibus</span> <span class='ocrx_word' id='word_1_254' title='bbox 1011 4410 1306 4464; x_wconf 82' lang='lat' dir='ltr'>commentatiunculam</span> <span class='ocrx_word' id='word_1_255' title='bbox 1317 4429 1322 4462; x_wconf 92' lang='lat'><strong>:</strong></span> <span class='ocrx_word' id='word_1_256' title='bbox 1343 4415 1400 4467; x_wconf 89' lang='lat' dir='ltr'>ind.</span> <span class='ocrx_word' id='word_1_257' title='bbox 1414 4419 1497 4471; x_wconf 87' lang='lat' dir='ltr'>schol·</span> 
     </span>
     <span class='ocr_line' id='line_1_35' title="bbox 189 4499 581 4570; baseline -0.008 -17"><span class='ocrx_word' id='word_1_258' title='bbox 189 4502 372 4570; x_wconf 84' lang='lat' dir='ltr'>Gryphiswald.</span> <span class='ocrx_word' id='word_1_259' title='bbox 393 4503 479 4553; x_wconf 87' lang='lat' dir='ltr'>aestiv.</span> <span class='ocrx_word' id='word_1_260' title='bbox 506 4499 581 4560; x_wconf 82' lang='lat'>1876,</span> 
     </span>
    </p>
   </div>
   <div class='ocr_carea' id='block_1_9' title="bbox 0 0 1564 4838">
    <p class='ocr_par' dir='ltr' id='par_1_10' title="bbox 0 0 1564 4838">
     <span class='ocr_line' id='line_1_36' title="bbox 0 0 1564 4838; baseline 0 1"><span class='ocrx_word' id='word_1_261' title='bbox 0 0 1564 4838; x_wconf 95' lang='lat' dir='ltr'> </span> 
     </span>
    </p>
   </div>
  </div>
 </body>
</html>
