3120 4838
75 4486 190 4570 a.

737 272 950 338 ..36-

268 436 489 505 Themistoclis
517 440 686 509 verborum
714 444 800 528 apud
829 444 972 529 Thucyd
994 442 1034 509 II
1064 447 1106 509 60
1139 439 1285 527 ,ου’δενὸς
1311 442 1423 529 οἴομαι

266 541 376 633 ἥσσων
398 543 479 613 εἶναι
500 551 625 634 γνῶναί
644 575 679 616 τε·
710 548 751 616 τὰ
781 553 899 617 δέοντα
932 551 987 616 καὶ
1018 547 1209 637 ἑρμηνεῦσαι
1240 557 1355 618 ταῦτα(
1388 554 1424 617 iu

266 661 405 722 mentem
434 657 540 722 venire
568 664 625 741 pot
650 659 689 740 't,
722 681 805 742 quae
836 660 933 724 etiam
961 659 1106 724 Lucieno
1140 665 1218 725 nota
1248 659 1348 742 fuisse
1381 659 1423 725 de

266 765 372 830 saltat.
395 785 420 830 c.
443 768 484 829 36
507 771 540 830 et
559 765 681 831 rhetor.
704 773 863 851 praecept
887 788 913 834 c.
938 770 955 831 1
978 766 1208 831 demonstrant.

363 872 483 939 Horat.
506 879 567 939 set.
598 873 636 939 II
665 877 805 940 55-57:
837 875 1040 960 ,Plerumque
1066 879 1210 941 recoctus
1237 873 1352 940 Scriba
1382 896 1422 940 ex

265 977 472 1063 quinqueviro
498 1002 628 1046 corvum
655 980 784 1047 deludet
815 982 958 1048 hiantem
980 982 1202 1068 captatorque
1225 980 1316 1046 dabit
1336 982 1421 1046 risus

263 1085 384 1152 Nasica
400 1087 545 1168 Corano‘,
568 1088 648 1155 Luc.
664 1089 778 1175 dialog.
793 1095 886 1156 mort.
911 1090 976 1158 Vl
1000 1087 1029 1172 ,ὁ
1050 1093 1110 1177 μὲν
1132 1092 1166 1177 (i.
1182 1112 1209 1157 e.
1224 1086 1243 1155 ὁ
1261 1081 1421 1165 πλούσιος

261 1187 449 1283 Εὐκράτης)
466 1193 551 1261 ἔστω
566 1190 745 1281 ἀθάνατος,
768 1194 799 1262 οἱ
820 1197 856 1262 δὲ
877 1199 909 1281 (i.
933 1219 959 1263 e.
976 1195 1006 1263 oi
1020 1195 1080 1264 τὸν
1098 1201 1219 1284 κλῆρον
1235 1197 1420 1283 θηρῶντες)

261 1304 497 1386 προαπίτωσαν
531 1298 635 1370 αὐτοῦ
664 1297 768 1390 μάτην
795 1300 1025 1390 ἐπιχανόντεςζ
1059 1307 1101 1372 ad
1126 1306 1213 1391 quod
1238 1304 1419 1371 Mercurius

259 1415 377 1495 ,γελοῖα
389 1412 566 1492 πείσονται,
583 1417 766 1499 πανοῦργοι
781 1407 892 1490 ὄντεςὶ
917 1412 1013 1498 Quod
1027 1414 1199 1498 utrobique
1212 1413 1346 1479 verbum
1362 1414 1419 1493 ‚in-

260 1519 359 1585 hiare‘
379 1521 418 1587 de
434 1526 599 1606 captatore
613 1528 796 1607 usurpatur,
816 1523 859 1590 A.
871 1522 1059 1589 Heinrichio
1075 1524 1287 1607 suspicionem
1300 1528 1417 1604 movet,

260 1634 297 1693 ut
317 1635 487 1714 utrumque
510 1630 622 1696 eodem
643 1637 774 1697 auctore
795 1653 888 1697 usum
911 1653 980 1698 esse
1002 1632 1123 1714 credat,
1150 1632 1207 1697 sed
1236 1632 1302 1697 sine
1328 1632 1419 1716 justa

261 1757 365 1803 causa.
409 1737 496 1802 Nem
518 1739 605 1823 apud
621 1739 794 1805 Horatium
815 1738 890 1804 inde
912 1738 993 1804 illud
1024 1740 1155 1820 exsistit,
1184 1736 1271 1822 quod
1292 1737 1418 1822 longius

260 1847 461 1928 persequitur
490 1844 641 1924 fabulam,
674 1869 780 1931 quam,
811 1848 898 1912 corvi
927 1848 1086 1914 mentione
1115 1845 1211 1927 facta,
1247 1846 1417 1914 inchoavit.

260 1953 436 2019 Praeterea
457 1955 542 2020 hunc
564 1956 646 2021 illius
669 1955 758 2022 verbi
780 1976 873 2021 usum
895 1956 1023 2021 omnino
1045 1977 1110 2021 non
1128 1955 1291 2021 insolitum
1308 1954 1416 2038 fuisse,

260 2084 299 2127 ex
321 2062 427 2129 Plaut.
472 2061 570 2130 Stich.
592 2063 644 2130 IV
666 2066 738 2143 225
762 2068 795 2127 et
816 2063 881 2128 mil.
903 2063 982 2146 glor.
1004 2062 1063 2128 HI
1087 2065 1197 2144 1,121
1220 2062 1332 2128 elucet.

361 2169 477 2236 Horat.
501 2175 559 2238 set.
575 2171 594 2235 I
611 2175 638 2253 1,
662 2174 692 2251 9,
717 2173 771 2236 1οε
795 2170 993 2254 ,Agricolam
1014 2169 1128 2235 laudat
1143 2170 1225 2254 juris
1246 2169 1417 2254 legumque

259 2278 387 2362 peritus,
416 2278 483 2345 Sub
511 2279 586 2362 galli
608 2285 737 2344 centum
761 2280 924 2346 consultor
946 2279 1002 2344 ubi
1024 2281 1106 2345 ostia
1126 2279 1252 2363 pulsat‘,
1272 2278 1353 2347 Luc.
1376 2279 1417 2344 de

259 2410 353 2456 merc.
384 2388 475 2454 cond.
498 2391 553 2455 30:
587 2384 661 2465 ,ὐπὸ
695 2383 816 2474 δίρδὴν
849 2382 1080 2473 ἀλεκτρυόνων
1113 2380 1338 2472 ἀνεγρόμενος,
1368 2383 1418 2467 „oi

260 2498 398 2575 δείλαιος
419 2489 503 2582 ε’γοᾶιι
539 2488 622 2580 φῄςῆ
665 2495 717 2562 De
738 2497 803 2561 alie
831 2517 969 2580 persona
997 2497 1049 2561 hic
1077 2502 1174 2581 atque
1205 2495 1270 2560 illic
1297 2497 1415 2580 egitur,

262 2628 361 2690 quere
383 2627 447 2690 quo
465 2606 538 2689 jure
560 2603 654 2669 ambo
677 2605 739 2670 loci
760 2627 799 2670 ex
821 2605 979 2669 communi
1000 2603 1088 2670 fonte
1108 2603 1235 2669 fluxisse
1257 2603 1416 2686 dicantur,

258 2716 400 2798 intellegi
421 2713 540 2797 nequit.
583 2712 695 2778 Potius
717 2714 764 2778 ita
781 2734 833 2778 res
856 2734 889 2777 se
910 2712 1018 2794 hebet,
1041 2719 1078 2777 ut
1091 2734 1148 2797 per
1164 2734 1198 2778 se
1213 2718 1245 2777 et
1256 2711 1416 2777 Horatius

260 2829 293 2887 et
314 2823 478 2888 Lucienus
499 2843 536 2886 eo
558 2823 708 2901 venerint,
729 2827 766 2886 ut
788 2815 1022 2886 incommodum
1046 2842 1139 2885 mane
1159 2820 1309 2904 surgendi
1330 2841 1416 2885 com·

259 2937 482 2998 memorarent.
526 2929 637 3013 Atque
657 2929 816 2995 Horatius
843 2929 906 2994 hoo
934 2930 1038 3012 ipsum
1067 2935 1304 3010 commemorat,
1338 2931 1417 3012 quia

257 3039 326 3122 ipse
356 3039 532 3124 aegerrime
561 3036 595 3101 id
621 3037 788 3126 ferebat1);
819 3037 982 3102 Lucienus
1010 3037 1044 3101 id
1074 3042 1309 3113 commemorat,
1337 3039 1415 3121 quia

259 3149 365 3213 omnia
394 3148 478 3212 vitae
508 3144 594 3210 docti
619 3146 755 3212 hominis
776 3146 922 3211 mercede
950 3144 1097 3210 conducti
1116 3144 1318 3210 incommoda
1337 3166 1414 3211 enu-

258 3262 369 3322 merat.
412 3256 460 3322 Ut
487 3253 660 3336 Lucienus,
691 3256 738 3319 ita
759 3254 918 3319 Horatius
944 3253 1032 3319 haud
1063 3254 1128 3318 scio
1150 3274 1192 3318 an
1214 3253 1414 3320 comoediam
1474 3286 1479 3293 ·

256 3364 402 3430 Atticam
435 3364 601 3445 antiquam
628 3363 799 3450 imitatus2)
833 3359 1036 3446 hyperbolice
1066 3359 1136 3441 ,sub
1166 3360 1243 3443 galli
1273 3365 1413 3427 cantum‘

257 3471 382 3553 dixerit,
394 3473 476 3535 sicut
488 3471 583 3535 etiam
595 3476 652 3535 sat.
663 3469 683 3534 I
695 3473 724 3551 6,
737 3473 789 3551 42,
801 3472 843 3534 43
855 3470 987 3552 ,plostra
998 3469 1136 3533 ducenta
1152 3505 1192 3516 -
1206 3468 1412 3552 triafunera‘,

255 3587 313 3646 sat.
326 3580 345 3645 I
357 3584 388 3661 5,
400 3583 420 3645 3
436 3577 647 3661 ,Graecorum
658 3578 753 3662 longe
765 3577 984 3659 doctissimus‘,
1001 3576 1089 3642 aliud
1103 3576 1307 3660 hyperbolice
1321 3577 1412 3645 dixit

357 3688 476 3753 Horat.
499 3692 559 3750 set.
580 3684 620 3749 ΙΙ
641 3690 672 3767 5,
695 3691 745 3765 74,
769 3689 827 3750 75:
857 3684 993 3767 ,Scribet
1014 3685 1101 3749 mele
1122 3685 1265 3750 carmina
1286 3707 1412 3754 vecors:

253 3797 420 3876 Laudato‘,
431 3796 510 3861 Luc.
520 3793 597 3859 ibid.
608 3798 649 3861 35
665 3787 714 3880 ,ἢν
729 3795 766 3859 δὲ
776 3787 977 3879 ποιητικὸςῆ
992 3788 1240 3878 σογγραφικὸςὸ
1254 3791 1414 3874 πλούσιος

252 3893 272 3988 ᾗ
299 3907 352 3971 καὶ
380 3899 471 3989 παρὰ
496 3897 536 3967 τὸ
565 3902 698 3967 δεῖπνον
727 3900 769 3967 τὰ
799 3895 902 3966 αὑτοῦ
925 3898 1075 3986 ρὰψωδῇ,
1102 3894 1178 3966 τότε
1198 3903 1252 3966 καὶ
1273 3901 1415 3988 μάλιστα

253 4011 462 4099 διαρραγῆναι
477 4007 537 4096 χρὴ
551 4006 759 4076 ἐπαινοῦντα.
787 4008 899 4093 salise
914 4010 962 4075 rei
977 4009 1195 4075 observandae
1211 4013 1413 4083 occasionem

353 4185 377 4253 1)
394 4188 445 4239 set.
461 4183 475 4235 I
493 4183 518 4252 6,
541 4182 598 4248 120,
619 4183 675 4236 122.

354 4270 375 4340 ²)
391 4272 437 4325 cfr.
457 4268 556 4324 Theod.
575 4269 684 4325 Amold.
703 4268 722 4325 1.
740 4269 758 4322 l.
776 4284 801 4338 p.
821 4269 862 4323 36.

353 4355 374 4428 ⁸)
391 4359 436 4412 cfr.
454 4355 571 4412 ltlartiol.
588 4356 638 4411 Ill.
657 4358 691 4411 50
697 4377 705 4423 ,ς
725 4355 789 4421 XII,
808 4355 849 4410 40.
