3120 4838
738 148 781 210 ‘20

230 352 350 417 .Hanc
378 350 680 433 int-rnpretationem
704 352 859 434 improtm.
904 353 989 417 Narn
1013 349 1352 433 praeterquamquod

166 474 205 519 ex
230 454 380 521 versibus
405 454 570 520 Plautinis
594 454 685 539 illuri,
709 456 793 535 pon
816 454 920 521 rolrrit
942 453 993 519 rir
1015 454 1141 538 noctua
1164 472 1227 519 non
1250 452 1353 519 effici·

167 566 231 628 tur,
255 577 329 623 num
355 558 424 623 fieri
445 562 567 640 potest,
591 564 623 623 ut
642 558 790 624 Naevius
814 564 911 640 pona
935 556 979 622 ibi
1002 556 1236 623 ‹arrretemnatus
1258 556 1353 623 iuclu-

165 666 270 734 catnr,
293 661 347 726 ubi
371 660 460 726 tures
484 666 518 727 et
542 660 627 729 serri
649 680 787 741 nequam
812 660 1032 743 puniebantur
1060 665 1161 741 atque
1185 660 1350 727 debitores

166 785 186 829 a
221 765 437 831 crmtitoribus
473 765 782 847 proscribebantur‘?
833 762 970 830 Sensmn
1004 764 1101 829 brrius
1134 764 1207 834 loci⁴
1238 764 1354 832 Plauti

166 868 360 948 aopralibus
377 867 506 933 facilem
524 866 706 951 intellectu,
723 866 816 931 uobis
833 868 1055 951 obscuratum
1071 886 1143 931 cum
1159 866 1235 932 atiis
1252 866 1354 933 inter·

167 970 314 1053 pretibns
344 970 392 1036 ita
422 970 588 1052 intellego.
620 977 658 1036 ut
687 992 723 1034 os
752 970 873 1037 Nereuii
899 971 1121 1037 colunmatum
1151 969 1233 1036 nibil
1261 970 1355 1037 atiud

166 1074 354 1157 significare
378 1074 546 1148 amiciam,
568 1074 633 1140 nisi
656 1075 819 1141 Naeuium
846 1074 880 1141 in
902 1094 1044 1159 earcere,
1068 1075 1122 1139 artri
1145 1093 1183 1139 eo
1205 1078 1352 1157 tempore

153 1178 294 1243 ridebu-
315 1177 430 1248 tuisse,
454 1198 490 1242 os
515 1178 564 1243 ιιι]
589 1182 731 1243 ment-um
755 1177 871 1245 fulcire
893 1196 980 1244 more
1000 1177 1162 1243 bominum
1186 1196 1296 1243 secum
1311 1178 1351 1243 (le

165 1281 276 1361 reliqua
300 1302 335 1347 rc
357 1280 586 1363 ιτοςίιιιιιιίιιιιι.

252 1402 365 1468 Plauti
388 1401 493 1484 igitur
515 1403 619 1467 loernn
648 1402 713 1467 alio
738 1409 889 1485 spretore
917 1409 1011 1469 ratus
1035 1402 1192 1485 (isarnu')
1221 1403 1350 1468 ratione

166 1507 304 1587 probata
334 1506 415 1571 noos
438 1505 489 1570 rel
513 1509 581 1569 tres
604 1504 753 1571 diuersos
776 1524 921 1588 agriosco
944 1528 961 1571 c
984 1511 1083 1584 ,conto
1110 1505 1242 1571 Maenia
1265 1526 1351 1571 corn-

165 1614 314 1674 mutatos
338 1609 371 1673 in
394 1607 592 1673 testimoniis
615 1613 770 1673 ueterum.
817 1610 926 1674 Unum
952 1608 1023 1673 dico
1046 1608 1221 1685 Maenium,
1244 1610 1296 1674 cui
1310 1630 1350 1693 a.

167 1731 195 1778 u.
218 1715 281 1778 nu
305 1711 430 1776 annuli
453 1710 571 1793 priscis
587 1709 721 1775 turtinis
744 1710 910 1793 trectense
933 1711 1083 1777 columna
1106 1711 1259 1778 (tcuicata
1282 1718 1351 1799 cst3

165 1815 208 1879 ad
231 1816 316 1880 turne
338 1814 485 1880 homines
508 1834 647 1895 nepetam
682 1812 883 1896 proscriptos
918 1820 951 1879 et
980 1816 1153 1881 ‹tarnnatos
1183 1834 1256 1881 esse
1279 1836 1351 1882 cum

166 1936 204 1981 en
232 1918 308 1981 aliis
338 1916 484 1982 fontibus
519 1924 587 1981 tum
616 1935 655 1979 ex
686 1914 809 1980 scholio
837 1917 1002 1985 Vaticano
1030 1918 1073 1984 art
1105 1918 1173 1985 (iic.
1203 1940 1234 2001 p.
1262 1918 1350 1985 Sest.

164 2021 263 2103 tul,
292 2024 327 2086 18
352 2026 494 2086 constat.
535 2020 694 2086 tuburum
710 2021 793 2085 baec
808 2022 941 2088 Maenia
964 2028 1235 2089 commemoratur
1258 2044 1354 2107 prae-

167 2137 257 2190 tcrea
286 2125 373 2206 zuprmt
403 2122 630 2207 t'icer·orrerrr³),
664 2142 801 2204 crnnque
835 2144 875 2189 en
909 2126 1041 2192 scholiis
1074 2127 1143 2193 illis
1173 2126 1351 2197 Vaticanis

164 2229 345 2293 trutinamus
379 2231 577 2308 compertum
611 2227 795 2291 columnam
829 2214 922 2293 illam
956 2250 1055 2312 prope
1088 2231 1203 2313 puteal
1236 2230 1352 2314 fuisse,

164 2351 227 2396 non
251 2337 314 2416 est3
337 2350 395 2395 cur
416 2350 477 2395 non
502 2328 645 2412 Praeter)
668 2334 703 2395 et
724 2328 854 2411 Plinii⁵)
877 2331 965 2397 locos
988 2334 1031 2399 att
1054 2334 1236 2399 columnam
1257 2333 1352 2400 illam

166 2434 356 2499 referamus.
406 2435 506 2498 itecte
534 2432 639 2515 igitru·
661 2436 817 2499 asaneus
844 2433 1075 2519 interrogatb:
1106 2435 1268 2521 „Plinius
1296 2437 1353 2518 qui

168 2541 293 2603 Romae
310 2538 384 2608 urit
409 2556 466 2601 cm·
483 2538 522 2602 rte
547 2557 610 2603 una
632 2538 782 2603 columna
805 2557 909 2618 eaque
931 2544 1043 2605 vetere
1064 2539 1226 2605 narrat‘?“
1250 2543 1352 2620 atque

164 2640 353 2723 respondet:
379 2640 587 2719 „Verisimile
608 2647 660 2706 est
675 2641 798 2731 mrllam
822 2641 924 2706 aliam
948 2642 1129 2719 exstitisse¹¹
1153 2648 1186 2707 ct
1209 2642 1352 2709 corriusi-

166 2765 255 2810 errem
280 2744 446 2825 aptandam
469 2748 576 2808 ortam
599 2765 683 2827 esse,
719 2743 788 2811 sire
817 2745 901 2824 quoa
928 2745 1041 2811 ctornns
1065 2744 1203 2812 alterius
1226 2747 1353 2813 ataenii

165 2848 244 2912 item
267 2848 310 2913 art
332 2849 437 2914 forum
461 2854 535 2911 erat
558 2845 635 2930 sita,
659 2847 728 2913 sire
749 2849 834 2927 (prod
849 2850 997 2914 consulto
1013 2850 1152 2931 populus
1167 2849 1353 2915 columnam

168 2951 228 3015 ieci
252 2970 354 3016 causa
378 2969 448 3014 cum
473 2947 605 3013 Maenio
628 2967 742 3013 scurra
772 2956 806 3013 et
833 2958 951 3031 nepotc
974 2952 1204 3036 coniungebat,
1239 2951 1290 3016 ita
1314 2960 1353 3017 ut

165 3058 281 3133 postea
305 3052 345 3118 (tc
368 3053 536 3117 columnae
559 3052 648 3118 itlius
672 3053 799 3134 origine
822 3053 918 3119 valete
941 3055 1158 3121 dubitaretur.

249 3174 323 3257 Qua
346 3192 386 3237 ex
408 3194 444 3237 re
468 3173 652 3258 apparebit,
675 3174 830 3254 quomodo
853 3173 885 3238 in
907 3176 1140 3258 Porphyrionis
1163 3181 1198 3242 et
1214 3175 1354 3243 Asconii

166 3276 290 3343 scholia
314 3277 462 3342 columna
485 3276 544 3342 illa
568 3277 704 3363 uerterit,
726 3277 820 3342 cuius
836 3279 952 3344 Livius
968 3279 1160 3345 mentionem
1176 3299 1240 3345 nen
1254 3280 1352 3348 t'aeit.

166 3381 317 3446 Maenius
345 3385 456 3446 autem
484 3381 572 3447 alter
599 3382 726 3447 uoooo
756 3400 849 3446 suam
877 3402 908 3448 a.
932 3401 963 3448 u.
986 3385 1051 3449 570
1075 3383 1195 3451 Catoni
1222 3384 1354 3451 censori

165 3483 310 3549 rerntirtit
344 3483 535 3565 excepitque
569 3484 632 3550 sibi
666 3502 730 3548 non
765 3484 985 3571 columnanr),
1020 3487 1087 3571 sert,
1121 3492 1157 3552 ut
1191 3488 1351 3554 Osannus

166 3586 341 3672 coniectat,
363 3592 493 3670 partem
516 3587 587 3653 eius
610 3587 785 3670 perauctam,
814 3592 847 3651 et
870 3588 955 3653 banc
977 3589 1009 3653 in
1035 3589 1226 3655 solariorum
1250 3592 1353 3671 quou-

249 4306 271 4373 7)
292 4322 354 4359 nam
372 4306 440 4360 tales
459 4308 574 4377 septime
592 4308 699 4361 demum
718 4324 742 4360 a.
763 4323 787 4361 u.
807 4308 916 4363 saecuto
940 4310 1014 4381 apud
1033 4310 1154 4365 homines
1174 4310 1296 4382 privatos
1315 4316 1355 4371 iu·

167 4391 296 4457 venimus
315 4390 361 4445 cir.
381 4391 493 4458 Osann,
510 4392 527 4447 l.
546 4392 572 4459 t,
591 4411 617 4462 p.
640 4395 678 4447 19.
