3120 4838
281 438 510 536 Ampliorem
548 443 784 537 comparandi
814 441 1004 515 materiam
1033 439 1196 525 ultimuS,
1236 440 1284 512 de
1315 466 1393 536 quo
1426 441 1477 514 di-

175 569 329 642 cendum
359 587 436 654 est,
464 595 591 641 versus
619 571 878 666 asclepiadeus
907 571 1023 642 maior
1050 570 1227 665 praebet,
1257 570 1316 664 qui
1347 585 1476 641 exstat

176 698 275 793 apud
296 697 477 769 Alcaeum
506 698 546 770 lr.
570 721 630 791 37.
655 722 713 791 39.
735 724 794 788 41.
816 722 878 790 42.
908 722 970 789 44.
1001 699 1165 789 83—-86,
1194 696 1293 790 apud
1314 698 1478 793 Sappho

174 824 214 897 fr.
246 834 306 914 64.
339 831 398 916 65.
430 827 488 897 68.
511 835 571 917 69.
594 846 651 916 71,
677 829 775 922 apud
796 828 974 898 Catullum
1002 852 1032 898 c.
1065 849 1124 917 30,
1155 828 1254 919 apud
1277 826 1477 899 Horatium
1526 814 1530 823 ⁸

174 977 203 1024 c.
234 953 247 1023 l
288 978 345 1025 11.
390 956 433 1023 18
468 952 518 1023 111
559 977 613 1024 10.
670 954 811 1026 Poetae
847 954 974 1026 Lesbii
1008 954 1102 1025 hunc
1136 979 1285 1049 quoque
1323 980 1476 1027 versum

173 1080 250 1150 sine
286 1104 441 1152 caesura
483 1082 764 1153 continuantes.
802 1082 884 1155 nic.
927 1084 966 1155 lr.
1008 1107 1085 1175 39‚1
1131 1086 1229 1175 τέγγε
1265 1083 1476 1175 πνεύμονας

174 1208 340 1301 olorum)
366 1209 433 1301 γὰρ
459 1207 592 1304 ἄστρον
620 1214 873 1304 περιτέλλεται,
906 1235 1058 1305 quorum
1088 1236 1109 1280 e
1138 1235 1242 1282 more
1270 1211 1381 1281 etiam
1404 1211 1476 1282 Ca-

174 1334 281 1407 tullus
310 1362 397 1408 suos
425 1364 555 1410 versus
585 1339 818 1412 formaverat.
847 1338 891 1412 cf.
924 1362 954 1410 c.
986 1361 1070 1430 30‚4
1113 1363 1206 1410 »nec
1235 1338 1332 1409 lacta
1359 1340 1475 1433 impia

172 1461 340 1535 fallacum
369 1467 552 1538 hominum
581 1465 768 1539 caelicolis
809 1466 1001 1562 placent‹‚
1030 1494 1062 1538 v.
1099 1491 1136 1536 11
1182 1466 1234 1537 »si
1267 1482 1305 1536 tu
1335 1464 1475 1538 oblitus

174 1617 225 1675 eS,
253 1608 292 1662 at
319 1591 355 1662 di
384 1594 633 1678 meminerunt,
661 1596 820 1667 meminit
838 1595 971 1667 fides«.
1015 1594 1193 1665 Horatius
1213 1618 1306 1665 vero
1328 1594 1475 1666 duabus

175 1721 349 1808 caesuris,
379 1748 471 1816 quas
490 1748 672 1819 nunquam
692 1722 864 1815 neglexit,
894 1723 1067 1795 adhibitis
1086 1748 1231 1793 versum
1257 1723 1325 1792 hoc
1355 1725 1474 1795 modo

175 1848 361 1919 formavit:
402 1846 1166 1953 ..—-oul-l-rwl-l—-no-oij,
1208 1850 1306 1945 quod
1342 1851 1473 1946 inepte

174 1976 308 2049 lactum
348 2003 433 2049 esse
462 1977 695 2074 Westphalio
719 1968 759 2051 ἸΙ
792 2000 884 2072 759,
922 1980 956 2051 ni
990 1976 1109 2062 fallor,
1146 1977 1297 2049 concedi
1333 1980 1475 2073 nequit.

174 2104 318 2176 Etenim
356 2121 394 2175 et
427 2105 486 2177 hic
520 2123 558 2178 et
596 2109 824 2181 antecedens
852 2134 992 2195 versus
1024 2131 1095 2201 qua
1123 2121 1205 2177 sunt
1230 2106 1475 2200 longitudine,

172 2233 208 2304 in
246 2230 330 2304 cola
363 2251 516 2305 venuste
553 2235 699 2307 formari
732 2252 909 2331 possunt3
946 2251 984 2306 et
1019 2235 1053 2304 in
1089 2233 1266 2306 divisione
1303 2250 1407 2307 recte
1436 2254 1478 2308 et

173 2361 305 2433 eximia
342 2378 421 2432 arte
452 2362 629 2433 Horatius
665 2363 845 2456 legitimas
882 2363 986 2435 metri
1014 2378 1140 2457 partes
1169 2362 1341 2447 servavit,
1371 2366 1479 2457 quod

176 2489 323 2585 quidem
366 2515 386 2559 e
428 2488 614 2584 glyconeo
656 2516 727 2562 uno
771 2507 809 2563 et
854 2492 998 2562 duobus
1048 2491 1266 2563 choriambis
1308 2491 1477 2585 adjectis

179 2633 296 2687 ortum
325 2616 467 2688 videtur
496 2644 581 2690 esse
612 2635 648 2690 et
676 2620 951 2715 quodammodo
980 2619 1198 2690 accrevisse.

284 2836 360 2928 lam
388 2837 421 2907 in
458 2837 514 2908 his
547 2839 671 2910 metris
704 2839 881 2909 ominibus
916 2838 1051 2932 primus
1086 2862 1175 2931 peS‚
1215 2861 1323 2930 quem
1352 2836 1478 2909 adhuc

178 2965 325 3060 neglexi
352 2964 428 3036 sive
456 2965 556 3036 basis
585 2968 683 3061 apud
709 2984 842 3061 poetas
872 2966 1043 3038 Graecos
1071 2979 1109 3035 et
1135 2960 1317 3035 Catullum
1347 2965 1477 3036 varias

178 3092 314 3167 formas
344 3092 501 3164 exhibet
554 3093 679 3188 Atque
708 3112 748 3165 ut
775 3094 851 3165 eius
879 3094 930 3165 rei
959 3092 1108 3164 altiores
1136 3117 1267 3163 causas
1295 3106 1333 3161 et
1361 3093 1474 3163 ratio-

177 3244 261 3289 nem
303 3220 460 3292 nondum
502 3222 590 3293 satis
640 3223 877 3318 investigatas
925 3222 1106 3308 omittam,
1154 3235 1286 3315 poetas
1337 3219 1476 3312 lyricos

177 3345 346 3418 Graecos
375 3365 413 3420 et
446 3350 650 3443 spondeum
686 3368 725 3422 et
761 3350 975 3421 trochaeum
1010 3367 1048 3421 et
1075 3349 1230 3421 iambum
1267 3363 1306 3418 et
1331 3348 1475 3441 pyrrhi-

177 3473 295 3546 chium
332 3500 399 3570 pro
433 3477 514 3548 basi
550 3477 742 3549 admisisse
780 3502 911 3549 omnes
953 3477 1086 3565 sciunt3
1144 3500 1256 3570 quare
1295 3472 1476 3569 exemplis

174 3603 334 3696 probare
376 3604 617 3698 supersedeo
675 3605 780 3696 Quos
823 3603 986 3676 Catullus
1028 3605 1078 3677 ita
1120 3620 1268 3675 secutus
1311 3618 1390 3687 est,
1434 3622 1477 3676 ut

172 3744 296 3802 tamen
338 3731 581 3826 pyrrhichium
622 3758 804 3827 nunquam
847 3732 914 3804 sibi
956 3732 1206 3820 concederet,
1250 3730 1318 3802 sed
1357 3732 1475 3802 modo

171 3860 377 3952 spondeum
408 3860 618 3932 trochaeum
647 3861 804 3932 iambum
832 3877 990 3955 poneret
1027 3885 1147 3956 neque
1176 3883 1265 3931 vero
1293 3859 1329 3930 in
1358 3859 1471 3930 omni-

170 3985 240 4058 bus
261 3988 385 4060 metris
414 3982 664 4083 aequabiliter.
708 3988 785 4059 Sed
812 3989 845 4058 in
865 3988 1032 4060 versibus
1052 3985 1298 4082 asclepiadeis
1318 4011 1475 4082 semper

171 4114 362 4208 spondeo,
397 4116 431 4187 in
460 4116 712 4210 pherecrateis
741 4130 780 4187 et
807 4113 998 4212 glyconeis
1027 4119 1242 4211 plerumque
1270 4113 1467 4205 trochaeo,

170 4266 254 4312 raro
290 4243 459 4336 spondeo
497 4259 536 4315 et
569 4245 676 4316 etiam
712 4244 827 4316 minus
857 4244 1069 4338 frequenter
1097 4243 1231 4331 iambo,
1260 4241 1293 4313 in
1323 4239 1472 4336 phalae-

169 4368 233 4440 ciis
268 4372 481 4465 plerumque
519 4372 693 4466 spondeo
729 4398 816 4444 usus
851 4386 919 4444 est.
956 4371 998 4442 cl.
1026 4370 1070 4445 L.
1100 4369 1256 4443 Mueller
1284 4370 1331 4441 de
1359 4396 1390 4444 r.
1421 4397 1467 4457 m,

174 4500 238 4566 161
273 4522 328 4590 sq.
357 4496 591 4571 Severiorem
627 4525 791 4572 normam
818 4498 993 4570 Horatius
1031 4499 1099 4570 sibi
1132 4497 1390 4593 praescripsit,
1429 4514 1471 4570 ut
