3120 4838
646 237 859 298 ,15-

167 401 275 467 locum
295 403 484 487 scriptorem
499 402 683 470 Romanum
702 404 856 488 redolere,
878 406 949 489 quis
971 405 1191 483 demonstret?
1211 406 1325 491 Neque

170 511 253 577 enim
274 510 344 577 fieri
365 512 478 596 potuit,
501 513 579 596 quin
599 512 771 594 Lucienus,
794 514 821 579 si
844 515 972 580 omnino
986 513 1208 582 Romanorum
1229 517 1325 583 ratio·

169 641 243 686 nem
263 619 415 701 habebat,
441 642 517 687 raro
539 621 583 686 ad
603 642 658 688 eos
679 622 860 719 respiceret,
886 623 1003 707 quippe
1025 624 1080 707 qui
1101 625 1135 689 in
1157 624 1273 690 litteris
1293 625 1327 689 in
1460 696 1463 703 ,

169 728 352 794 universum
373 728 463 794 nihili
492 729 747 796 aestimarentur.
790 729 836 795 Mt
863 730 896 794 in
925 752 1018 796 usum
1044 730 1245 799 Graecorum
1273 732 1326 797 illo

169 838 306 922 scripsit,
331 836 447 921 quibus
467 837 539 903 illos
560 844 654 903 notos
673 858 824 904 essenon
843 839 1021 906 constabat.
1067 839 1212 907 Graecos
1229 840 1327 924 respi-

168 946 266 1027 ciens,
288 946 385 1012 etiam
398 947 528 1011 nomina
542 945 701 1029 Romana,
720 968 826 1013 mores
839 947 1005 1015 Romanos
1022 949 1195 1015 transtulit.
1230 947 1327 1033 Quod

169 1053 352 1138 Scipionem
373 1054 567 1120 Africanum
596 1055 751 1139 majorem
779 1054 922 1122 confudit
951 1079 1023 1123 cum
1045 1057 1194 1142 Scipione
1215 1056 1325 1121 Aemi·

167 1160 255 1227 liano
276 1162 407 1241 minore,
433 1163 466 1226 in
488 1162 550 1228 hac
568 1183 604 1228 re
625 1183 717 1228 nemo
743 1162 864 1246 haeret,
894 1166 949 1247 qui
974 1167 1070 1232 etiam
1091 1164 1265 1231 Horatium
1292 1165 1325 1228 in

168 1269 219 1335 sui
237 1270 347 1354 populi
368 1270 502 1337 historia
522 1291 646 1337 errasse
656 1272 680 1356 ¹)
701 1272 887 1338 meminerit

271 1399 381 1465 Etiam
398 1400 484 1484 quod
498 1399 668 1486 Menippus
686 1403 860 1467 communis
872 1401 992 1469 Horati
1010 1408 1042 1468 et
1058 1401 1196 1468 Luciani
1213 1407 1325 1468 auctor

167 1527 240 1572 esse
261 1496 620 1584 dicitur,'dubitandum
641 1508 718 1574 mihi
741 1508 874 1578 videtur.
918 1508 1005 1575 Nam
1027 1509 1114 1575 aliud
1136 1514 1192 1589 cst,
1218 1508 1325 1575 Hora·

167 1617 250 1680 tium
280 1617 459 1682 consentire
492 1622 548 1683 aut
579 1638 650 1682 cum
681 1617 826 1683 Luciano
855 1623 912 1683 aut
941 1639 1014 1683 cum
1038 1616 1197 1701 Varrone,
1228 1617 1325 1698 aliud,

166 1722 344 1790 Horatium
370 1726 549 1791 consentire
578 1730 636 1789 aut
666 1746 737 1790 cum
759 1724 904 1792 Lucieno
931 1734 964 1792 et
984 1725 1136 1811 Menippo
1167 1732 1224 1793 aut
1252 1748 1324 1791 cum

167 1831 317 1900 Varrone
338 1838 371 1899 et
391 1831 554 1917 Menippo.
598 1831 674 1898 Non
696 1833 802 1898 omnia
822 1834 905 1898 enim
927 1838 1095 1899 traxerunt
1109 1833 1271 1899 Lucienus
1293 1837 1326 1898 et

167 1939 277 2009 Varro
305 1963 345 2007 ex
372 1940 516 2025 Menippi
545 1941 678 2025 scriptis.
723 1942 840 2026 Itaque
872 1943 932 2007 nisi
965 1943 1035 2027 quis
1068 1963 1325 2026 unumquemque

167 2070 279 2114 eorum
307 2050 451 2115 locorum
479 2056 511 2115 et
537 2049 774 2116 Lucianeorum
803 2055 836 2116 et
855 2048 1147 2133 Varronianorum,
1183 2071 1263 2135 quos
1292 2052 1325 2115 in

167 2159 439 2242 comparationem
470 2179 542 2223 cum
570 2158 761 2224 Horatianis
795 2180 951 2238 vocamus,
985 2181 1006 2224 a
1034 2159 1187 2244 Menippo
1219 2164 1326 2240 ortum

167 2288 238 2333 esse
258 2267 535 2346 demonstraverit,
554 2267 642 2350 quod
662 2267 695 2332 in
709 2273 801 2333 tanta
818 2288 950 2352 operum
960 2267 1203 2352 Menippeorum
1217 2268 1325 2351 inopia

167 2377 366 2444 demontrari
388 2379 515 2443 omnino
537 2397 601 2441 non
623 2381 739 2461 potest,
768 2377 808 2443 de
830 2376 981 2462 Menippo
1004 2376 1179 2460 quidquam
1207 2397 1245 2441 ex
1270 2375 1324 2440 illo

168 2506 324 2552 consensu
346 2484 493 2569 colligere
514 2483 606 2550 nobis
626 2505 690 2550 non
711 2485 792 2551 licet.

271 2615 367 2700 Quod
384 2614 605 2680 similitudines
621 2615 705 2679 inter
714 2614 896 2682 Varronem
919 2620 952 2680 et
965 2614 1140 2681 Horatium
1154 2611 1324 2698 indagatas

168 2724 298 2788 nonita
315 2723 555 2806 interpretatur,
576 2727 612 2787 ut
633 2721 718 2787 hunc
732 2722 786 2788 illo
801 2743 895 2787 usum
915 2743 983 2788 csse
1003 2721 1097 2803 dicat,
1120 2741 1194 2787 vere
1208 2719 1323 2787 Herm.

168 2831 364 2897 Fritzschius
383 2829 469 2910 facit,
492 2852 568 2896 nam
584 2828 689 2895 Varro
712 2829 753 2896 ab
776 2852 885 2897 eorum
907 2830 1052 2916 partibus
1075 2829 1192 2912 stabat,
1215 2830 1269 2914 qui
1290 2831 1324 2895 in

167 2940 281 3006 litteris
312 2941 379 3005 alia
389 2944 412 3021 2)
461 2961 562 3023 eaque
592 2940 755 3005 contraria
787 2945 883 3024 atquc
916 2938 1073 3006 Horatius
1108 2945 1323 3022 sequerentur.

170 3047 286 3114 Nonne
308 3055 417 3115 autem
438 3049 500 3114 hac
525 3048 565 3114 de
587 3069 685 3113 causa
704 3049 801 3113 etiam
822 3069 937 3131 parum
963 3049 1029 3113 veri
1050 3047 1150 3112 simile
1171 3046 1324 3127 videatur,

169 3155 330 3242 Menippo,
352 3179 449 3242 quem
469 3158 561 3223 unice
572 3154 681 3225 Varro
702 3157 736 3221 in
758 3156 874 3222 saturis
896 3154 1125 3230 aemulabatur,
1149 3153 1325 3221 Horatium

169 3286 261 3330 usum
283 3264 377 3332 esse?

271 3375 313 3443 A.
322 3374 530 3440 Heinrichius
538 3372 758 3440 similitudines
772 3372 843 3437 illas
860 3393 896 3438 eo
912 3371 1049 3459 referti)
1064 3370 1151 3456 quod
1161 3369 1324 3439 Lucianus

170 3480 312 3548 hauserit
332 3505 372 3549 ex
391 3482 541 3564 Horatio,
563 3482 610 3547 ita
626 3483 850 3548 ratiocinatus:
876 3504 948 3547 curn
970 3502 1082 3567 graves
1105 3482 1324 3549 similitudines

170 3589 254 3655 inter
273 3590 447 3657 Horatium
470 3597 502 3655 et
522 3590 702 3656 Lucianum
731 3591 939 3671 intercedant,
970 3596 1027 3656 aut
1053 3589 1138 3656 idem
1168 3590 1324 3657 ambobus

171 3702 228 3763 aut
249 3698 302 3765 ille
322 3699 396 3764 huic
416 3699 560 3782 exemplo
592 3697 671 3778 fuit;
706 3699 783 3763 illud
815 3699 854 3765 de
874 3699 1025 3784 Menippo
1053 3697 1179 3781 quidem
1208 3698 1324 3764 falsum

172 3812 228 3888 est,
244 3829 319 3892 ergo
334 3829 443 3873 verum
458 3806 529 3872 hoc.
552 3805 629 3872 Non
642 3814 749 3873 autem
764 3807 998 3887 animadvertit,
1014 3807 1117 3872 sinon
1127 3804 1324 3891 Menippum,

172 3921 207 3980 at
229 3915 307 3982 alios
329 3917 456 4000 utrique
480 3915 624 3999 exempla
644 3914 803 4000 praebere
824 3916 973 4000 potuisse.

275 4148 294 4207 ¹)
316 4142 426 4197 Teuffel.
453 4142 555 4208 ,Gesch.
578 4144 602 4199 d.
620 4148 684 4198 rom.
702 4146 777 4200 Litt‘
801 4151 816 4212 ς
838 4148 897 4212 235,
924 4148 948 4200 6.
1057 4142 1078 4212 't
1105 4143 1235 4210 Ritachel,
1255 4147 1323 4202 ern.

174 4233 241 4288 Mus.
260 4234 294 4287 vl
307 4233 365 4298 493,
391 4234 486 4304 Bergk.
511 4251 576 4291 com.
598 4236 630 4290 de
653 4236 699 4290 rel.
722 4252 787 4290 com.
805 4235 855 4290 At.
874 4239 929 4291 ant.
949 4236 1004 4289 147.
1108 4232 1128 4303 ³)
1146 4233 1321 4303 wielandum,
1353 4300 1356 4305 ¹

175 4322 236 4377 Luc.
255 4325 281 4378 in
300 4325 364 4395 ling.
384 4325 472 4381 Germ.
492 4328 583 4381 transl.
602 4328 615 4381 1
633 4344 658 4396 p.
677 4329 717 4392 75,
734 4327 762 4380 11
779 4344 804 4395 p.
822 4328 856 4380 22
874 4329 989 4381 secutus.
