3120 4838
738 203 779 283 65

101 424 175 499 hoc
207 440 366 497 metrum
395 421 488 495 omni
520 448 567 493 ex
602 436 709 516 parte
744 420 791 491 ab
821 418 978 489 Horatio
1007 442 1054 487 ex
1083 412 1308 488 Archilocho
1336 410 1407 485 imi-

102 553 250 625 tatione
280 576 496 648 expressum
523 574 609 621 esse
637 547 866 620 crediderim.

215 677 402 771 Quoniam
443 677 491 750 de
528 673 681 771 singulis
715 674 934 747 carminibus
963 671 1106 744 Horatii
1140 670 1306 744 omnibus
1342 693 1404 741 ex-

105 806 227 903 posui,
257 822 387 887 restat,
416 822 455 877 ut

448 1035 473 1129 ξ
501 1033 538 1106 9.
569 1035 619 1105 de
645 1035 809 1127 ratione,
838 1056 939 1125 qnae
966 1032 1071 1103 inter

216 1159 377 1251 Catulli,
404 1160 566 1252 Horatii,
594 1170 795 1254 poetarum
822 1160 1035 1255 lyricorum
1061 1152 1299 1229 Graecorum

571 1298 694 1362 metra
721 1289 953 1379 intercedat,

109 1431 144 1505 in
169 1432 379 1506 universum
409 1459 519 1529 agam
549 1452 587 1507 et
615 1434 768 1532 singula,
798 1462 895 1531 quae
911 1434 1030 1521 effeci,
1046 1430 1204 1504 breviter
1231 1445 1407 1525 repetens

113 1575 152 1633 et
178 1561 335 1645 addens
362 1587 459 1657 quae
489 1564 664 1636 addenda
692 1562 895 1635 videantur.

220 1710 350 1805 Atque
379 1737 459 1783 cum
487 1712 619 1784 ultimis
647 1709 786 1783 liberae
815 1708 1037 1806 reipublicae
1057 1707 1284 1802 temporibus
1312 1707 1408 1777 duae

116 1839 393 1933 quodammodo
420 1855 614 1934 poetarum
640 1840 794 1911 scholae
823 1838 966 1909 Romae
996 1837 1226 1915 exsisterent,
1259 1858 1413 1930 quorum

116 1961 220 2037 alteri
249 1981 418 2037 veterum
447 1983 638 2063 poetarum
666 1966 879 2038 Latinorum
906 1965 1071 2059 vestigiis
1097 1963 1254 2059 ingressi
1280 1960 1412 2033 horum

116 2092 204 2164 artis
231 2091 339 2189 leges
367 2120 521 2167 servare
548 2110 661 2191 atque
690 2096 863 2166 excolere
891 2093 1137 2173 conabantur;
1167 2088 1283 2178 alteri,
1313 2113 1410 2184 quos

118 2220 203 2304 τούς
232 2221 429 2314 νεωτέρους
456 2222 530 2294 Cic.
559 2222 607 2293 ad
635 2222 713 2296 Att.
744 2220 808 2293 Vll
840 2246 891 2299 2.1
925 2220 1095 2301 nominat,
1132 2244 1154 2290 a
1188 2217 1268 2290 rudi
1300 2233 1412 2312 atque

118 2346 290 2422 obsoleta
316 2350 545 2445 popularium
575 2369 654 2426 arte
683 2352 926 2425 abhorrentes
953 2347 1002 2421 ad
1029 2346 1259 2420 Graecorum
1289 2361 1327 2416 et
1352 2345 1413 2417 im-

119 2474 243 2569 primis
272 2477 321 2547 ad
350 2475 678 2551 Alexandrinorum
707 2495 900 2575 poetarum
929 2475 1087 2550 studium
1117 2491 1229 2569 atque
1248 2472 1413 2546 imitatio-

120 2627 204 2673 nem
233 2627 321 2673 sese
351 2602 595 2699 applicabant,
630 2608 757 2679 horum
793 2605 908 2703 longe
943 2604 1142 2701 principem
1176 2618 1214 2673 et
1250 2599 1414 2674 habitum

119 2754 207 2801 esse
236 2746 274 2803 et
301 2729 410 2803 luisse
440 2733 488 2825 Q.
518 2731 701 2807 Valerium
746 2734 927 2807 Catullum
959 2734 1052 2804 inter
1090 2755 1219 2802 omnes
1256 2748 1417 2806 constat.

121 2857 306 2951 Quicum
336 2886 382 2932 ex
417 2860 746 2936 Alexandrinorum
780 2886 933 2934 numero
968 2876 1117 2955 praeter
1149 2874 1297 2932 ceteros
1334 2856 1416 2933 Cal-

124 2986 316 3059 limachum
344 2987 552 3062 Battiadem
572 2990 786 3062 imitandum
804 2990 872 3062 sibi
891 2987 1160 3084 proposuisset,
1180 3011 1266 3059 mox
1284 3013 1419 3084 magna

122 3114 252 3209 poesis
281 3114 444 3210 artisque
463 3114 580 3211 gloria
601 3117 699 3213 apud
719 3114 897 3212 aequales
915 3115 1043 3189 floruit.
1098 3114 1175 3187 Sed
1196 3131 1235 3186 ut
1253 3115 1418 3187 omittam

124 3240 298 3337 cetera¹)‚
327 3267 423 3337 quae
452 3244 502 3316 ad
530 3261 691 3319 nostrum
720 3245 944 3340 propositum
964 3244 1112 3338 proprie
1134 3267 1207 3315 non
1234 3244 1420 3337 pertinent

123 3369 162 3441 in
188 3394 227 3442 re
261 3369 410 3443 metrica
446 3368 659 3446 Callimachi
699 3372 851 3445 imitatio
893 3370 1113 3466 praesertim
1155 3385 1345 3466 spectatur
1386 3371 1423 3442 in

125 3496 267 3570 distichi
295 3498 449 3594 elegiaci
485 3499 664 3596 frequenti
701 3499 801 3596 apud
843 3496 1024 3571 Catullum
1062 3525 1138 3583 usu,
1167 3499 1270 3594 quod
1311 3496 1419 3570 Calli·

127 3625 280 3698 machus
322 3643 361 3698 et
402 3628 438 3699 in
476 3630 694 3701 carminibus
738 3646 777 3701 et
815 3628 849 3700 in
893 3626 1165 3721 epigrammatis
1207 3626 1422 3719 saepissime

113 3769 169 3847 ⁸et
193 3751 356 3825 Catullus
384 3754 421 3826 in
447 3781 479 3829 c.
509 3766 690 3849 65-a116
720 3756 892 3829 adhibuit.
921 3754 968 3827 cf.
991 3756 1111 3827 Diom.
1133 3758 1295 3845 484,22;
1316 3780 1421 3848 spec-

128 3896 224 3953 tatur
245 3882 279 3953 in
297 3882 503 3957 hexametri
521 3881 692 3977 dactylici
710 3880 943 3963 formatione,
960 3878 1008 3951 de
1028 3905 1100 3975 qua
1118 3903 1229 3973 supra
1258 3878 1424 3952 diximus

128 4009 277 4082 Deinde
303 4010 487 4084 trimetros
504 4010 713 4100 σκάζοντας,
734 4009 793 4103 qui
822 4021 1014 4097 vocantur,
1040 4007 1116 4079 sive
1141 4004 1427 4099 Hipponacteos

128 4154 170 4211 et
197 4163 328 4211 versus
356 4137 574 4235 phalaecios
603 4153 642 4209 et
666 4136 770 4230 ipsos
799 4133 964 4206 Catullus
993 4147 1031 4204 et
1049 4131 1127 4202 eius
1156 4128 1336 4224 aequales
1379 4134 1427 4206 ab

128 4322 398 4333 -ιο--ι--α-

242 4416 259 4486 ¹)
285 4419 314 4466 In
333 4417 483 4466 universium
502 4416 534 4465 dc
552 4416 591 4465 his
609 4416 682 4464 rebus
700 4414 770 4478 egit:
790 4414 821 4462 C.
840 4414 866 4461 P.
887 4411 992 4461 Schulzc
1011 4408 1050 4455 De
1077 4406 1178 4455 Catulla
1204 4404 1359 4457 Graecorum
1378 4410 1432 4458 imi·

131 4520 222 4561 tatore.
243 4511 310 4559 Diss.
328 4510 384 4573 Jen.
421 4511 499 4574 Jenae
520 4508 594 4569 1871.

1240 4601 1264 4654 b
