3120 4838
488 155 717 216 -244

16 330 182 409 diendum3
207 333 282 395 item
307 331 365 394 alii
389 329 428 396 O.
454 329 510 394 ΙΠ
534 336 623 406 17„.·
648 353 731 409 ,cum
756 331 886 396 famulis
912 355 1045 416 operum
1062 336 1210 408 solutis‘,

15 426 170 503 ,operum‘
195 442 252 503 per
276 420 568 502 breviloquentiam
591 441 650 502 pro
674 442 817 503 ‚operum
842 429 948 486 onere‘
972 422 1095 486 dictum
1119 446 1188 488 esse

15 517 154 573 censent.

106 597 170 663 Sed
198 620 299 680 neque
328 595 475 661 Graecae
503 598 746 662 consuetudinis
776 600 918 664 imitatio
947 623 1004 665 nec
1035 601 1187 665 vocabuli

16 688 147 750 omissio
160 690 319 752 rationem
336 687 404 768 ejus
417 687 668 750 constructionis
681 689 762 751 satis
776 696 853 770 apte
866 690 1029 753 illustrat:
1054 691 1185 754 Etenim

19 777 77 858 qui
109 778 319 859 graecismum
345 797 415 838 eam
440 774 619 857 appellant,
653 798 717 839 non
744 778 905 857 viderunt,
933 779 1067 860 jamjam
1099 778 1186 860 apud

16 872 140 928 veteres
164 872 276 948 poetas
301 862 460 946 ejusmodi
484 865 649 945 genetivus
674 867 809 929 inveniri
820 866 853 949 ¹),
882 872 981 948 atque
997 888 1080 948 quae
1098 867 1186 948 apud

16 955 173 1017 Plautum
197 961 228 1017 et
252 953 437 1016 Terentium
464 960 594 1016 exstant
616 953 789 1017 verborum
806 955 1072 1033 consociationes,
1098 962 1185 1018 certe

17 1043 144 1107 etiamsi
180 1040 382 1106 Graecorum
421 1041 550 1122 linguae
586 1043 706 1106 similes
745 1043 896 1106 videntur
932 1065 1014 1123 esse,
1047 1046 1186 1107 sermoni

16 1132 117 1195 latino
149 1131 343 1194 vindicanda
374 1136 464 1207 sunt,
500 1152 573 1193 nam
602 1153 798 1213 quamquam
832 1133 1020 1215 saepissime
1056 1132 1186 1215 singula

19 1218 223 1284 Graecorum
255 1219 413 1283 vocabula
441 1219 474 1283 in
511 1221 732 1282 scaenicorum
763 1220 895 1283 illorum
919 1221 1042 1285 fabulis
1067 1222 1187 1285 inveni·

17 1315 137 1389 untur,
168 1314 278 1372 tamen
301 1307 472 1371 verborum
496 1308 794 1390 conjungendorum
817 1310 976 1373 rationem
1000 1316 1032 1373 et
1056 1331 1187 1374 consue-

20 1396 164 1459 tudinem
189 1395 356 1461 aGraecis
380 1395 560 1459 derivatam
583 1397 725 1459 nondum
749 1397 821 1460 ideo
846 1399 995 1483 reperies,
1021 1400 1099 1480 quia
1124 1400 1186 1462 sin·

18 1485 95 1565 gula
124 1485 222 1548 verba
252 1485 356 1547 multo
389 1484 519 1547 facilius
548 1487 692 1566 gentium
723 1508 784 1548 usu
816 1493 848 1548 et
883 1488 1073 1549 commercio
1103 1489 1187 1549 inter

19 1594 88 1636 sese
121 1574 370 1655 conjunctarum
399 1594 438 1636 ex
469 1573 534 1635 alia
564 1574 598 1636 in
641 1574 740 1637 aliam
779 1574 950 1638 transferri
985 1596 1042 1637 nec
1078 1581 1186 1637 tamen

18 1662 153 1746 propria
176 1663 276 1725 verba
300 1662 342 1725 ad
366 1662 450 1724 alius
464 1661 632 1744 cujusdam
650 1664 756 1744 gentis
770 1663 1017 1726 similitudinem
1033 1663 1187 1744 conjungi

17 1771 111 1833 posse
136 1751 231 1814 facile
255 1749 406 1835 liquet.‘·')

107 1838 171 1903 Sed
195 1841 276 1904 haec
301 1842 436 1919 leviora,
461 1839 543 1903 illud
566 1860 641 1902 vero
666 1861 764 1921 grave
789 1848 887 1923 atque
910 1861 1072 1922 magnum,
1098 1839 1185 1920 quod

17 1929 106 2015 apud
137 1927 324 1993 Ciceronem
355 1930 438 2013 legg.
471 1929 507 1992 Π
536 1933 607 2013 205,
639 1935 729 1992 vetus
762 1930 924 2011 quaedam
947 1929 999 1992 lex
1022 1926 1185 2012 legitur3)

17 2020 80 2098 („is
111 2040 169 2103 per
193 2041 246 2082 aes
272 2026 304 2082 et
328 2019 445 2082 libram
470 2018 620 2081 heredem
643 2020 830 2082 testamenti
850 2018 993 2105 solvat“)
1018 2038 1102 2100 quae
1118 2017 1186 2079 sine

18 2107 117 2170 dubio
148 2110 187 2171 iis
212 2110 282 2192 jam
313 2107 514 2190 temporibus
539 2114 612 2170 orta
636 2112 697 2185 est,
724 2108 844 2188 quibus
866 2107 1090 2172 Romanorum
1114 2127 1186 2168 cum

17 2195 152 2260 Graecis
183 2220 260 2262 usus
290 2203 347 2260 aut
376 2198 505 2260 omnino
537 2217 601 2259 non
631 2196 707 2276 fuit,
738 2202 795 2260 aut
818 2198 964 2279 profecto
989 2203 1053 2261 tam
1079 2216 1184 2273 rarus,

17 2291 54 2348 ut
92 2287 286 2351 vernaculae
318 2286 449 2367 linguae
484 2307 583 2348 novas
618 2286 728 2349 indere
760 2288 1016 2350 constructiones
1044 2283 1186 2346 nondum

17 2374 174 2460 11111114)

106 2464 191 2528 'item
222 2464 278 2546 qui
303 2464 336 2527 in
368 2465 474 2547 ellipsi
506 2462 681 2527 statuenda
703 2469 893 2541 versantur,
919 2463 990 2525 ideo
1015 2483 1077 2524 non
1100 2467 1187 2524 recte

15 2552 180 2633 judicant,
207 2552 293 2636 quod
318 2552 508 2635 plerumque
524 2591 568 2599 -
592 2552 624 2614 id
649 2574 723 2614 vero
748 2553 846 2614 etiam
871 2573 909 2613 ex
932 2551 976 2614 H.
1002 2551 1081 2614 locis
1105 2552 1187 2613 satis

18 2649 158 2726 apparet
192 2681 235 2688 —
271 2642 400 2705 omnino
437 2665 499 2704 non
539 2646 645 2723 patet,
691 2641 786 2720 quale
816 2640 1069 2718 substantivum,
1100 2640 1187 2721 quod

17 2731 79 2793 loci
103 2737 240 2794 naturae
264 2731 403 2793 maxime
427 2730 606 2807 conveniat,
633 2727 915 2813 subamliamus.‘'')

109 2979 128 3046 ¹)
148 2978 181 3033 cf.
208 2976 338 3030 Schaaf
361 2977 412 3044 „de
438 2976 564 3045 genetivi
588 2994 639 3028 usu
659 2975 810 3028 Plautiuo“
839 2977 903 3029 diss.
923 2978 1017 3045 inaug.
1037 2976 1103 3028 Hal.
1124 2974 1189 3029 Sar.

173 3056 197 3086 ’1

19 3052 83 3124 1881
105 3055 393 3187 12111111111111111111,
413 3121 431 3172 l.
452 3138 474 3173 c.
494 3136 540 3187 pg.
562 3122 586 3173 3.

109 3191 131 3260 ³)
160 3193 266 3259 legitur
293 3197 442 3259 practerea
469 3192 543 3257 lege.
574 3188 623 3241 ΠΙ
656 3195 711 3249 132„
744 3190 773 3242 in
799 3189 880 3243 codd.
905 3189 1035 3244 Leidens.
1060 3189 1087 3241 A
1112 3191 1141 3240 et
1165 3187 1188 3238 B

20 3262 161 3330 „ejusdem
190 3263 355 3331 cupiditatis
385 3266 581 3324 tenerentur“‚
614 3279 698 3328 quam
726 3262 880 3314 lectionem
913 3262 998 3313 etiam
1028 3260 1188 3327 exemplum

18 3334 194 3386 (Jrellianum
218 3335 347 3399 exhibet3
376 3334 425 3386 sed
449 3333 515 3400 quia
538 3333 584 3384 hic
609 3333 687 3384 locus
711 3351 768 3384 non
792 3333 864 3400 legis
889 3332 1033 3398 cujusdam
1051 3349 1116 3400 pars
1137 3335 1187 3392 est,

17 3404 102 3457 laudo
122 3404 283 3468 Halmium,
303 3405 379 3473 quod
401 3404 620 3472 „cupiditatibus
641 3404 762 3456 eisdem“
784 3420 855 3471 quae
874 3402 960 3454 lectio
980 3404 1055 3471 apud
1074 3402 1187 3454 Lambi-

16 3494 83 3531 num
104 3481 132 3529 et
151 3478 179 3528 in
200 3478 308 3529 duobus
328 3477 397 3529 dett.
418 3476 499 3528 codd.
520 3475 633 3541 legitur,
654 3476 683 3526 in
702 3479 813 3527 textum
832 3473 948 3541 recepit.

107 3548 132 3617 ⁴)
152 3547 243 3616 Quam
263 3566 353 3600 ineam
380 3548 519 3599 rationem
545 3552 622 3598 certe
647 3564 703 3597 non
728 3545 885 3605 infirmant,
915 3562 985 3611 quae
1006 3542 1187 3596 1111111111·-

18 3619 83 3671 dan
110 3620 272 3687 „beitraege
297 3637 346 3670 zur
371 3618 534 3686 geschichte
559 3617 610 3669 der
633 3618 681 3669 lat.
709 3617 843 3685 sprache“
868 3615 944 3669 Berl.
967 3619 1098 3683 1811111.
1119 3619 1185 3667 ⁶225:

20 3691 131 3755 „zweck
152 3688 487 3758 (111.11111111111111’1111,1)
508 3689 544 3739 ist
558 3707 595 3750 es,
615 3688 856 3749 hervorzuhebem
876 3688 905 3739 in
925 3687 1061 3738 welchem
1080 3703 1187 3737 maesse
1278 3739 1284 3753 x

18 3763 75 3813 und
89 3762 141 3814 mit
154 3762 277 3814 welcher
290 3761 432 3828 fiihigkeit
445 3759 545 3811 Cicero
566 3759 623 3810 das
644 3760 716 3811 alte
736 3759 849 3810 latein
870 3759 920 3810 der
935 3757 1082 3808 urkunden
1102 3757 1187 3808 nach·

17 3833 134 3900 geahmt
158 3833 245 3884 habe“
273 3839 301 3884 ct
325 3850 372 3900 pg.
397 3834 460 3884 228:
495 3830 557 3896 „die
578 3830 758 3897 eingelegtcn
779 3834 892 3897 gesetze
907 3872 913 3882 .
928 3871 933 3881 .
949 3870 954 3881 .
972 3828 1034 3878 sind
1055 3828 1116 3879 eine
1136 3828 1188 3878 mit

17 3905 225 3971 11111111111111,1
252 3903 303 3954 der
327 3902 356 3954 in
381 3902 475 3953 diesen
505 3901 689 3952 enthaltenen
719 3900 959 3969 hauptgedanken
989 3898 1058 3949 und
1086 3898 1188 3948 darin

17 3974 186 4027 iiblichen
206 3974 510 4040 rodewendungen
530 3972 679 4024 versuchte
699 3972 921 4038 nachdichtung.
942 4002 976 4010 —

107 4044 261 4098 Genetivos
280 4045 343 4096 illos
365 4045 425 4111 jam
450 4043 606 4109 antiquitus
632 4061 648 4094 a
666 4042 802 4095 Romanis
827 4047 976 4109 usurpatos
1002 4057 1074 4102 esse,
1104 4040 1189 4090 docet

18 4118 106 4169 etiam
120 4116 223 4178 Haase,
238 4116 284 4182 (ad
296 4115 418 4183 Reisigii
432 4132 549 4181 gramm.
564 4113 650 4165 schol.
666 4116 742 4180 ann.)
756 4132 803 4181 pg.
818 4118 878 4176 1138,
893 4131 956 4164 ann.
972 4115 1035 4164 b‘ltl:
1052 4111 1189 4176 „stehcnd

18 4207 112 4240 waren
133 4205 166 4239 zu
186 4187 278 4238 allen
299 4186 399 4238 Zeiten
424 4186 470 4238 die
491 4185 675 4251 juristischen
695 4185 815 4237 formeln
835 4185 881 4236 fiir
900 4184 948 4235 das
969 4182 1188 4247 gewahrleisten

18 4261 74 4312 und
96 4258 227 4310 iilnrliche
247 4258 300 4309 mit
319 4259 383 4309 dem
404 4257 544 4323 genetiv“,
565 4255 665 4321 quibus
687 4257 816 4324 exempla
835 4255 908 4307 haud
930 4272 1021 4322 pauca
1040 4254 1128 4310 addit.

108 4331 131 4402 ⁴³)
152 4332 184 4381 es.
207 4327 312 4381 audo.
332 4327 576 4399 (-Stallbaum)
594 4344 641 4395 pg.
665 4332 713 4383 rat
733 4345 759 4379 n.
779 4332 821 4383 33.
