3120 4838
635 230 846 329 Δ-

82 438 175 538 quas
222 440 271 514 illi
313 440 555 515 adhibuerant
595 469 764 516 versuum
807 444 1076 519 formandorum
1126 472 1282 533 normas„
1317 472 1384 521 eas

83 592 151 665 pro
181 595 251 641 sua
283 586 390 665 parte
425 596 446 643 e
483 570 636 644 Latinae
672 570 817 667 linguae
851 572 973 645 indole
1007 574 1195 670 ipsiusque
1240 579 1381 648 exculta

87 694 274 793 elegantia
310 698 542 771 conformare
572 716 685 795 atque
720 698 886 795 expolire
922 701 1073 784 studuit;
1112 702 1183 775 iam
1218 701 1384 798 singulos

86 851 214 899 versus
243 828 444 923 plerosque
474 827 521 897 ab
551 825 703 912 Alcae0,
723 851 828 900 unum
858 829 906 900 ab
932 828 1155 903 Archilocho
1188 847 1381 920 mutuatus,

86 980 193 1027 unum
233 954 315 1051 ipse
357 952 554 1027 fabricatus
595 979 693 1025 nova
734 970 852 1027 metra
891 958 1108 1053 composuit.
1172 958 1299 1053 ltaque
1336 984 1382 1031 ex

93 1106 163 1174 104
190 1082 409 1155 carminibus
439 1080 661 1154 Archilocho
691 1082 815 1177 4(l4.
838 1103 868 1173 7.
891 1087 947 1156 28.
984 1086 1032 1158 IV
1064 1084 1113 1187 7),
1151 1084 1294 1159 Alcaeo
1333 1108 1382 1181 70

85 1208 142 1311 (et
169 1235 201 1286 c.
230 1209 385 1284 ionicum
415 1210 459 1282 lll
494 1236 534 1281 12
565 1227 603 1282 et
634 1230 680 1303 37
712 1209 873 1299 Alcaica,
906 1220 951 1284 26
981 1214 1175 1309 Sapphica,
1204 1220 1228 1284 6
1265 1212 1379 1287 ascle-

84 1338 222 1435 piadea
260 1341 469 1427 monocola)
514 1340 646 1426 debet:
683 1337 764 1433 ipse
808 1364 857 1431 30
897 1342 1105 1437 composuit
1145 1338 1201 1440 (et
1238 1365 1268 1415 c.
1297 1343 1309 1412 l
1345 1344 1378 1415 8.

84 1465 113 1538 ll
158 1470 214 1539 18.
260 1483 299 1540 et
339 1469 384 1537 28
419 1466 661 1563 asclepiadea
704 1464 822 1537 dicola
863 1484 902 1538 et
941 1467 1149 1564 tetracola).
1218 1466 1380 1542 Aliorum

82 1610 279 1691 poetarum
317 1592 546 1667 Graecorum
583 1611 700 1667 metra
744 1611 895 1688 praeter
927 1593 1137 1669 Archilochi
1167 1614 1207 1669 et
1248 1598 1379 1669 Alcaei

83 1721 265 1795 Horatius
293 1721 450 1795 imitatus
476 1748 547 1795 non
576 1738 645 1796 est.

188 1849 360 1943 Quocum
390 1850 555 1949 egregie,
585 1851 721 1923 utiam
750 1850 960 1946 disputandi
989 1852 1095 1924 finem
1123 1852 1266 1937 faciam,
1294 1878 1376 1925 con-

79 1977 210 2074 spirat,
239 1978 344 2074 quod
370 1978 451 2075 ipse
478 1978 525 2051 de
547 2003 589 2051 se
609 1976 783 2050 Horatius
804 2002 865 2073 ep.
886 1978 899 2048 l
926 2004 979 2070 19,
1002 2003 1100 2049 21—-
1107 2003 1156 2072 34
1175 1980 1375 2076 praedicat.
