3120 4838
721 230 760 305 35'

76 437 186 509 basin
223 462 375 534 semper
412 440 653 534 spondiacam
687 438 905 534 redderet1).
962 440 1096 535 Neque
1133 465 1223 513 vero
1257 440 1384 537 injuria

76 568 265 640 Christius
293 595 330 663 p.
353 591 400 662 97
422 585 559 655 monet,
589 571 692 641 basin
713 571 823 641 etiam
852 570 885 640 in
913 568 1160 641 Anacreontis
1188 567 1383 666 glycooeis

78 711 118 769 et
143 697 182 768 io
222 713 416 791 poetarum
452 698 679 770 scenicorum
709 698 939 771 Graecorum
975 699 1234 790 systematibus
1266 698 1384 770 chori-

78 825 236 896 ambicis
263 827 480 921 plerumque
509 828 746 923 spondiacam
776 853 882 909 esse,
919 842 956 897 ut
985 826 1129 899 Horatii
1156 823 1300 921 legibus
1328 852 1384 898 se-

76 953 288 1025 verioribus
317 978 389 1026 non
416 956 531 1026 modo
550 953 698 1051 linguae
719 956 884 1039 Latinae,
913 954 983 1024 sed
1011 954 1121 1025 etiam
1147 954 1258 1048 ipsius
1278 955 1386 1026 metri

77 1078 227 1153 indoles
255 1097 368 1176 atque
398 1098 525 1156 natura
554 1109 664 1179 quam
693 1084 850 1156 maxime
880 1082 1014 1154 fauisse
1043 1080 1223 1154 videatur.

329 1480 420 1573 Cap.
450 1481 493 1553 ll.
522 1482 580 1553 De
607 1484 820 1555 carminum
848 1483 1143 1575 compositione.

187 1628 325 1700 Omnia
352 1628 496 1701 Horatii
527 1631 697 1720 carmina,
729 1631 757 1702 si
779 1657 807 1703 c.
827 1632 870 1703 lll
896 1657 937 1703 12
969 1632 1094 1705 ionicis
1124 1632 1381 1726 conscriptum,

79 1758 128 1827 de
156 1781 236 1852 quo
270 1756 451 1829 dubitatio
481 1776 549 1837 est,
579 1760 778 1859 exemeriS,
805 1776 935 1856 aperte
963 1760 997 1831 in
1025 1761 1092 1832 tria
1126 1784 1266 1854 genera
1295 1759 1380 1831 divi·

77 1885 234 1975 duntur3
271 1910 354 1957 nam
389 1903 450 1958 aut
485 1887 584 1958 idem
612 1914 740 1959 versus
771 1889 1017 1976 continuatum
1054 1906 1116 1959 aut
1144 1886 1271 1959 alterni
1299 1912 1380 1958 ver-

76 2039 142 2085 sus
173 2038 243 2108 per
271 2030 389 2085 totum
417 2040 562 2088 carmen
591 2031 859 2087 commutantur
885 2034 948 2088 aut
967 2032 1054 2112 post
1080 2016 1224 2087 tertium
1254 2041 1379 2110 quem-

77 2167 153 2237 que
188 2144 249 2213 vel
289 2142 489 2215 secundum
532 2170 676 2215 versum
713 2141 803 2215 alius
833 2141 892 2215 vel
923 2142 980 2215 alii
1016 2144 1208 2216 adduntur,
1271 2143 1381 2235 Quae

76 2294 233 2363 genera,
264 2271 334 2341 sed
362 2287 500 2344 mutato
530 2272 667 2349 ordine,
696 2287 829 2343 secuto
858 2272 940 2344 mihi
968 2272 1121 2366 primum

296 2509 321 2603 ἓ
350 2507 386 2582 5.
414 2512 463 2580 de
490 2509 626 2600 epodis
653 2510 969 2601 carminibusque
995 2508 1170 2600 epodicis

77 2658 197 2728 agere
226 2636 348 2725 liceat,
392 2636 440 2707 ita
469 2651 592 2707 tamen
619 2652 657 2707 ut
684 2663 739 2732 ep.
766 2656 831 2726 17,
876 2636 936 2731 qui
965 2636 1054 2706 alius
1082 2653 1142 2707 est
1168 2637 1317 2732 generis
1347 2636 1380 2709 in

76 2787 264 2857 praesens
308 2764 524 2836 omittamus.
581 2764 714 2836 Catulli
755 2765 915 2836 carmina
957 2764 990 2835 in
1029 2763 1099 2836 hac
1142 2765 1380 2860 paragrapho

77 2906 161 2963 tota
195 2892 402 2986 comparari
435 2910 641 2987 nequeunt,
683 2919 764 2964 cum
800 2891 860 2964 ille
897 2893 1000 2964 huius
1035 2893 1185 2986 generis
1222 2892 1379 2964 disticho

78 3019 253 3114 elegiaco
281 3019 397 3090 modo
426 3046 513 3093 usus
541 3022 597 3109 sit,
629 3021 731 3117 quod
768 3021 868 3116 apud
905 3021 1097 3094 Horatium
1134 3046 1210 3094 non
1246 3036 1379 3096 exstat.

189 3197 317 3292 Atque
352 3200 559 3293 epodorum
595 3199 889 3295 frequentissima
918 3225 963 3269 ea
992 3218 1049 3271 est
1085 3201 1250 3295 specim,
1285 3226 1380 3295 quae

78 3325 233 3398 trimetri
261 3325 405 3398 iambici
432 3350 514 3399 cunr
543 3327 698 3399 dimetro
726 3328 979 3423 conjunctione
1009 3326 1201 3423 effingitur.
1258 3327 1381 3419 Quam

79 3479 122 3525 se
153 3455 202 3525 ab
229 3452 454 3526 Archilocho
482 3471 679 3529 mutuatum
710 3481 796 3527 esse
824 3456 904 3550 ipse
934 3455 1111 3527 Horatius
1139 3455 1245 3527 nobis
1273 3454 1379 3526 tradi-

80 3582 133 3654 dit
161 3580 247 3654 loco
284 3608 396 3678 supra
424 3582 546 3656 allatu.
588 3583 695 3655 Nunc
722 3608 803 3655 cum
831 3583 976 3655 Horatii
1005 3608 1065 3678 ep.
1101 3605 1226 3653 1—10
1254 3580 1284 3652 si
1311 3580 1379 3652 Ar-

80 3707 237 3782 chilochi
265 3711 306 3785 fr.
338 3714 398 3801 87.
421 3714 479 3783 88.
506 3735 565 3801 94.
587 3734 633 3804 97
667 3736 875 3806 compares,
905 3710 1099 3782 discrimen
1126 3711 1219 3780 inter
1247 3723 1378 3780 utrum·

81 3864 154 3933 que
182 3863 256 3909 non
284 3839 460 3912 invenies,

189 3986 252 4057 Ab
281 3988 416 4058 eodem
444 3986 664 4058 Archilocho
695 3984 848 4061 alterum
877 3980 1054 4073 metrum,'
1071 4008 1143 4079 quo
1172 4008 1253 4055 cum
1270 3981 1381 4054 hexa-

82 4131 202 4187 metro
224 4111 411 4209 dactylico
438 4114 601 4187 trimeter
627 4115 660 4185 in
681 4112 861 4207 syllabam
886 4109 1120 4184 catalecticus
1140 4109 1380 4207 conjungitur,

191 4349 210 4420 ¹)
231 4352 300 4400 Nam
324 4367 346 4400 c.
372 4351 384 4399 I
413 4360 490 4415 15,24
515 4350 588 4399 lectio
619 4350 731 4399 »Teucer
758 4357 797 4399 te«
828 4347 958 4397 codicibus
986 4348 1098 4405 fulcitum
1124 4354 1149 4395 et
1178 4348 1212 4395 ib.
1240 4364 1263 4397 v.
1285 4345 1318 4407 36
1337 4361 1382 4409 pro

86 4444 205 4493 »Iliacus«
237 4442 378 4492 necessario
408 4443 586 4507 »Pergameas«
617 4442 788 4507 recipiendum
818 4450 862 4490 est.
893 4440 931 4487 Cf.
962 4439 993 4487 O.
1025 4440 1111 4489 Keller
1139 4438 1325 4504 Epilogomana
1352 4453 1382 4484 zu

86 4536 173 4585 lloruz.
194 4536 213 4586 1.
235 4534 343 4600 Leipzig
365 4534 440 4597 1879.
463 4551 486 4583 a.
506 4535 531 4585 h.
551 4535 569 4585 l.

1198 4629 1235 4686 3*
