3120 4838
810 165 851 225 28
890 254 936 261 ‚-

182 395 220 451 ut
249 379 331 450 mihi
360 380 508 475 quidem
543 378 704 464 videtur,
741 378 807 449 nisi
841 378 944 472 quod
971 372 1231 448 Archilochum
1260 374 1312 445 vir
1341 373 1483 444 doctus

181 533 377 602 perperam
404 506 662 603 praetermisit.
700 504 743 576 cl.
773 504 886 576 eiusd.
926 505 973 576 de
1007 528 1047 575 re
1076 518 1181 575 metr.
1210 527 1246 596 p.
1277 496 1340 591 9'2.
1400 501 1485 572 Sed

182 634 229 706 de
272 635 341 706 hac
383 659 423 706 re
463 634 554 706 insra
594 633 851 729 disputandum
893 633 982 721 erit3
1019 655 1112 702 nunc
1154 629 1201 701 de
1243 654 1377 700 versus
1408 629 1484 700 for-

180 763 341 834 matione
363 754 572 834 'videamus

286 888 410 985 Atque
445 916 468 962 a
505 889 627 985 poetis
660 888 803 960 Lesbiis
840 889 890 959 ita
923 887 1117 958 formatur:
1149 886 1486 962 -v-'o-ov

181 1063 229 1071 -
245 1045 267 1088 υ
283 1061 331 1071 -
348 1020 383 1101 ii,
411 1034 450 1088 ut
478 1015 627 1089 alterius
648 1017 810 1089 trochaei
830 1017 944 1089 thesis
964 1040 1103 1110 anceps
1124 1015 1171 1086 sit
1190 1029 1228 1085 et
1256 1027 1361 1084 certa
1392 1039 1481 1085 cae-

180 1171 264 1216 sura
292 1170 366 1216 non
393 1145 622 1219 adhibeatur.

286 1300 331 1375 cl.
359 1301 500 1397 Sapph.
544 1327 595 1390 1‚1
629 1300 870 1395 notxrlo'llpou'
898 1299 1047 1372 ἀθάνατ’
1075 1299 1251 1394 Ἀφρόὸιτα

548 1435 604 1518 1,6
634 1437 699 1514 τάς
726 1431 811 1523 ἔμας
839 1428 959 1514 αὔδως
987 1426 1103 1500 άΐοισα
1130 1428 1248 1520 πήλυι.

283 1583 388 1675 Quos
407 1583 574 1655 Catullus
603 1585 700 1657 omni
730 1601 903 1679 exparte
924 1600 1071 1656 secutus
1101 1599 1173 1656 est:

177 1711 222 1782 cs.
250 1712 329 1785 Cat.
366 1731 549 1803 11,5·-7:
579 1713 656 1784 sive
683 1712 718 1784 in
748 1712 944 1806 Hyrcanos
973 1712 1167 1784 Arabesve
1191 1708 1322 1782 molles

137 1856 149 1887 “·
176 1864 242 1910 seu
269 1839 388 1911 Sacas
414 1839 691 1933 sagittiferosve*
716 1840 871 1912 Parthos

176 1966 252 2040 sive
281 1994 355 2062 qua
383 1969 700 2065 septemgeminus
728 1970 883 2041 colorat.

282 2124 421 2196 Contra
448 2125 633 2208 Horatius,
670 2142 708 2196 ut
740 2125 776 2196 in
811 2121 889 2195 aliis
918 2124 1108 2211 versibus,
1149 2121 1300 2194 alterum
1329 2122 1475 2217 pedem

176 2270 326 2346 semper
354 2253 559 2346 spondeum
589 2252 759 2336 reddidit,
790 2253 850 2347 qui
880 2269 1001 2324 tamen
1031 2252 1266 2352 etiamapud
1294 2250 1475 2324 Graecos

176 2393 213 2449 et
240 2377 422 2451 Catullum
459 2380 616 2475 saepius
646 2406 756 2474 quam
785 2382 980 2452 trochaeus
1008 2379 1200 2452 invenitur.
1257 2377 1408 2450 Deinde
1438 2379 1475 2451 in

175 2506 288 2578 tribus
335 2507 516 2603 prioribus
566 2507 762 2581 carminum
809 2506 906 2579 libris
947 2507 1120 2579 Horatius
1166 2522 1252 2601 post
1302 2506 1473 2600 quintam

173 2631 353 2728 syllabam
372 2635 450 2706 fere
472 2660 622 2730 semper
641 2644 794 2731 (tanturn
818 2656 835 2727 7
855 2636 1020 2708 versibus
1035 2634 1234 2707 secundum
1250 2631 1473 2707 Schillerum

174 2762 356 2857 exceptis)
408 2766 601 2834 caesuram
653 2763 796 2854 effecit,
845 2780 979 2860 postea
1026 2764 1061 2835 in
1110 2760 1202 2834 libro
1250 2777 1384 2857 quarto
1435 2779 1474 2835 et

173 2889 331 2962 carmine
348 2889 536 2974 saeculari,
559 2890 721 2963 nimirum
738 2892 823 2987 quia
837 2892 874 2964 id
889 2891 1119 2963 artificiosius
1135 2915 1244 2985 quam
1260 2887 1472 2986 elegantius

176 3045 197 3089 a
233 3045 276 3090 se
311 3017 445 3090 factum
483 3045 568 3091 esse
607 3038 848 3117 cognoverat,
883 3045 1074 3093 caesuram
1112 3044 1263 3115 prorsus
1293 3019 1468 3112 neglexit.

172 3144 258 3218 Alio
300 3146 394 3218 enim
436 3146 548 3218 modo
593 3148 676 3220 mihi
707 3148 808 3244 juste
849 3147 1020 3244 explicari
1055 3173 1128 3219 non
1162 3173 1277 3242 posse
1313 3146 1469 3233 videtur,

105 3367 109 3374 ἓ
173 3274 275 3367 quod
310 3297 353 3365 41
396 3301 524 3347 versus
561 3276 595 3347 in
628 3275 684 3348 bis
720 3277 939 3349 carminibus
971 3293 1060 3371 post
1093 3275 1254 3371 quintam
1284 3273 1469 3370 syllabam

171 3424 251 3472 non·
280 3400 498 3493 inciduntur3
536 3429 658 3499 neque
692 3405 860 3477 assentiri
897 3428 1048 3499 possum
1085 3405 1132 3477 G.
1162 3403 1378 3475 Hermanno
1409 3402 1466 3479 El.

169 3527 285 3603 doctr.
320 3545 425 3604 metr.
462 3556 496 3626 p,
525 3534 600 3622 684
635 3531 868 3628 Westphalio
901 3533 929 3603 Il
967 3535 1040 3624 776
1063 3531 1124 3602 ·L.
1152 3504 1333 3604 Muellero
1372 3533 1409 3605 d.
1440 3557 1468 3604 r.

170 3680 214 3728 m.
247 3678 316 3749 205
349 3657 434 3730 edit.
464 3657 552 3729 Hor.
580 3659 695 3753 praef.
725 3659 866 3732 LXXV
901 3657 1084 3732 Schillero
1113 3685 1147 3755 p.
1185 3663 1244 3748 26,
1283 3658 1344 3754 qui
1382 3684 1466 3732 cae·
1512 3698 1516 3704 ·

170 3808 292 3855 suram
333 3800 421 3879 post
456 3785 500 3856 ΙΙΙ
534 3783 749 3860 trochaeum
788 3803 961 3861 statuunt.
1018 3787 1112 3860 Nam
1145 3803 1278 3882 poetas
1312 3787 1467 3861 Latinos

170 3907 364 3984 caesuram
399 3929 488 4008 post
521 3913 564 3985 III
601 3916 813 3988 trochaeum
849 3916 995 3989 omnino
1029 3915 1168 4010 fugisse
1200 3941 1279 3987 cum
1314 3917 1466 4012 saepius

169 4037 329 4129 dixerim,
359 4041 550 4113 innostro
578 4067 687 4115 versu
713 4069 761 4116 eo
789 4047 907 4142 magis
940 4045 1164 4118 reiciendam
1199 4071 1284 4117 esse
1312 4070 1464 4133 censeo

168 4166 199 4237 si
238 4184 338 4240 recte
379 4168 444 4240 viri
486 4168 587 4243 docti
629 4173 910 4258 contenderunt,
954 4173 1144 4246 Horatium
1179 4199 1226 4245 ex
1259 4172 1463 4247 hexametri

130 4317 131 4320 ’
167 4274 332 4390 dactylici
353 4295 584 4370 similitudine
613 4300 858 4372 caesuramin
887 4299 954 4375 alia
976 4316 1092 4374 metra
1118 4301 1315 4375 induxisse.
1347 4301 1461 4396 Quod

166 4423 250 4500 mihi
277 4450 385 4525 quam
413 4424 570 4499 maxime
597 4427 775 4524 probatur
807 4445 846 4504 et
873 4427 1037 4505 subtilius
1065 4455 1174 4528 quam
1211 4429 1331 4504 verius
1359 4431 1458 4506 Chri·
