3120 4838
734 437 787 516 ll.

470 571 541 651 De
576 569 751 651 dativo
785 570 1048 652 sociative.

712 718 731 804 e
758 723 808 789 13.

263 842 424 926 Quoniam
453 843 562 926 priore
590 849 685 925 parte
713 843 752 906 de
780 843 953 926 separandi
984 845 1155 908 verborum
1183 849 1348 909 structura

173 933 422 1017 disputavimns,
452 953 538 995 nunc
567 953 652 1016 quae
681 933 720 995 iis
749 939 825 996 sunt
855 934 1020 997 contraria
1047 933 1147 998 verba
1171 934 1344 998 iunctionis

173 1022 487 1106 consociationisque
510 1020 641 1083 notione
665 1020 813 1103 praedita
836 1028 1083 1104 pertractemus.

261 1110 410 1194 Linguae
432 1111 554 1174 latinae
589 1109 623 1172 id
658 1111 826 1192 proprium
850 1132 888 1173 ac
911 1111 1074 1193 peculiare
1098 1117 1156 1191 est,
1181 1117 1219 1174 ut
1241 1111 1347 1176 multa

172 1200 241 1282 ejus
266 1200 364 1263 verba
388 1199 630 1285 praepositione
654 1199 794 1278 demum,
821 1220 960 1284 quacum
984 1200 1165 1282 composita
1187 1206 1262 1263 sunt
1286 1222 1343 1283 ap-

172 1289 457 1371 propinquationis
486 1288 537 1351 vel
567 1287 805 1371 conjunctionis
833 1289 897 1352 vim
928 1296 1113 1369 assumant,
1147 1311 1344 1371 quamquam

173 1377 334 1462 simplicia
357 1378 406 1440 ita
429 1384 619 1461 comparata
643 1383 727 1458 sunt,
752 1383 789 1440 ut
813 1378 972 1440 rationem
996 1377 1144 1460 aliquam
1160 1379 1244 1441 inter
1260 1378 1342 1442 duas

171 1466 420 1530 intercedentem
445 1487 599 1549 personas
623 1465 672 1529 vel
695 1487 747 1529 res
771 1465 953 1548 siguificare
976 1472 1145 1551 nequeant.
1174 1465 1246 1549 Quo
1270 1489 1341 1549 per·

171 1558 275 1620 tinent
291 1556 561 1638 praepositiones:
586 1554 648 1635 ,ad,
673 1561 758 1634 ante,
784 1576 853 1634 con,
878 1555 925 1626 in,
945 1556 1039 1634 inter,
1065 1555 1116 1631 ob,
1142 1561 1224 1638 post,
1250 1578 1340 1638 prae,

172 1646 242 1722 sub,
276 1666 398 1729 super·;
427 1645 485 1722 ita,
515 1650 553 1707 ut
581 1642 716 1707 afferam
740 1644 930 1726 exemplum,
960 1644 1132 1707 verborum
1156 1641 1288 1724 ,iacere‘
1311 1653 1343 1709 et

171 1737 299 1813 ‚jacere‘
323 1740 442 1797 natura
466 1733 514 1796 ita
538 1739 587 1796 est
611 1733 720 1818 ampla
743 1754 780 1796 ac
803 1755 919 1815 parum
943 1732 1086 1812 definita,
1119 1739 1156 1796 ut
1179 1735 1343 1799 consocia-

171 1826 291 1888 tionem
320 1824 414 1905 quasi
445 1821 611 1905 quandam
636 1828 667 1884 et
691 1822 949 1905 conjunctionem
974 1843 1089 1885 sonare
1111 1843 1176 1886 non
1199 1825 1343 1906 possint;

172 1935 272 1995 quam
295 1913 458 1975 notionem
482 1912 554 1994 ipsa
578 1911 810 1993 compositione
833 1911 940 1974 verbis
957 1910 1128 1994 ,adjacere‘
1146 1918 1177 1976 et
1194 1913 1345 1994 ,adicere‘

171 2003 295 2088 imponi
319 1999 443 2088 affatim
466 2007 581 2063 notum
605 2007 663 2063 est.

237 2092 404 2163 ‘Exstant
439 2090 521 2153 talia
555 2089 655 2152 verba
690 2111 763 2153 cum
798 2111 931 2175 praepp.
963 2091 1142 2172 composita
1170 2091 1204 2154 in
1232 2091 1347 2171 lingua

169 2182 276 2245 latina
292 2178 463 2263 permulta,
478 2178 534 2242 sed
550 2179 633 2241 alias
646 2179 720 2242 aliis
736 2179 936 2261 temporibus
953 2178 1165 2242 assumebant
1180 2186 1344 2243 construc-

170 2272 289 2347 tiones;
322 2269 462 2351 primum
497 2267 581 2330 enim
613 2269 703 2353 sequi
738 2273 847 2350 potest
878 2268 1017 2345 dativus,
1050 2268 1141 2349 cujus
1164 2274 1284 2331 natura
1309 2290 1347 2332 ea

171 2367 229 2440 est,
259 2366 295 2422 ut
324 2356 520 2439 generaliter
551 2358 720 2439 exprimat,
745 2379 814 2438 ,quo
846 2359 932 2421 aetio
961 2356 1052 2420 verbi
1081 2356 1250 2420 referenda
1282 2358 1342 2421 sit:

171 2449 259 2530 quod
283 2454 394 2511 utrum
418 2446 567 2509 sensibus
591 2445 771 2528 subjectum
796 2448 838 2509 sit
861 2467 968 2524 necne,
993 2445 1085 2509 haud
1108 2452 1194 2509 certe
1216 2445 1345 2525 differt,

169 2559 271 2619 quare
295 2536 351 2618 qui
375 2536 520 2616 sequitur
535 2535 665 2599 dativus
681 2536 813 2599 verbum
841 2535 1011 2618 ,adjacere‘
1035 2535 1120 2598 idern
1143 2541 1200 2614 est,
1226 2557 1264 2598 ao
1280 2536 1336 2617 qui

170 2626 269 2690 verbo
297 2625 397 2706 ,dare‘
426 2624 476 2686 vel
501 2623 575 2686 aliis
599 2624 804 2708 adjungitur,
829 2647 904 2688 nam
927 2625 981 2687 hie
1009 2630 1041 2687 et
1071 2624 1140 2687 illic
1164 2625 1247 2687 duae
1271 2645 1344 2687 eon·

167 2716 354 2798 junguntur
369 2713 419 2793 vel
435 2720 671 2795 componuntur
686 2735 753 2793 ree,
785 2735 922 2797 quarum
950 2713 1054 2776 altera
1069 2713 1205 2776 alterius
1222 2713 1345 2777 actioni

168 2804 340 2889 proposita
365 2807 415 2864 est
448 2802 550 2883 (Kell.
575 2801 689 2868 Lehm.
715 2801 821 2887 Igu.);
858 2824 941 2885 quae
965 2803 1149 2885 conjunctio
1166 2841 1209 2848 -—
1226 2808 1258 2866 et
1282 2803 1345 2866 hac

168 2893 301 2975 quidem
325 2912 359 2955 re
384 2888 493 2955 differt
516 2912 609 2954 casus
634 2892 749 2955 tertius
773 2914 793 2955 a
816 2891 965 2971 secunde,
992 2892 1048 2976 qui
1071 2897 1147 2973 post
1165 2892 1344 2955 snbstanti-

168 3004 244 3045 vum
268 2981 369 3061 habet
393 2980 499 3043 locum
522 3017 566 3025 -
590 2980 674 3044 effici
698 2987 804 3066 potest
829 2988 888 3045 aut
911 2980 1009 3044 verbo
1034 2979 1176 3064 quodam
1192 2982 1342 3063 apposito

172 3077 229 3134 aut
252 3068 459 3154 adjectivo.¹)

259 3158 416 3241 Sequitur
439 3165 477 3221 ut
500 3160 667 3240 pervariae
691 3160 731 3221 iis
752 3158 975 3240 junctionibus
1001 3157 1119 3241 subjici
1144 3159 1270 3241 possint
1293 3180 1346 3222 ra·

168 3249 288 3312 tiones:
314 3252 372 3310 aut
395 3247 479 3310 enim
503 3247 545 3310 ad
568 3269 748 3329 personam,
774 3252 832 3310 aut
856 3247 988 3310 adrem
1006 3247 1152 3330 aliquam
1170 3248 1256 3311 actio
1273 3269 1344 3330 per-

167 3339 272 3402 tinere
295 3342 413 3419 potest,
439 3337 491 3400 cui
515 3357 570 3400 seu
594 3337 724 3418 proprie
748 3357 803 3400 seu
820 3336 941 3399 tralate
957 3336 1084 3418 aliquid
1096 3344 1154 3400 aut
1166 3336 1342 3417 tribuatur,

167 3433 226 3491 aut
251 3427 320 3510 jam
349 3431 426 3488 ante
450 3425 560 3503 fuerit,
586 3431 644 3489 aut
667 3425 837 3507 contingat
861 3425 910 3488 vel
934 3426 1184 3508 appropinquet,
1210 3430 1268 3489 aut
1293 3447 1344 3489 co-

166 3517 312 3595 haereat,
338 3521 397 3578 aut
421 3513 559 3594 denique
582 3515 657 3578 usui
680 3515 731 3578 vel
755 3513 949 3578 detrimento
974 3514 1041 3580 fiat.

260 3780 281 3847 ¹)
301 3778 378 3846 quod
403 3796 487 3845 quam
512 3783 590 3831 recte
615 3780 750 3842 dixerim,
781 3780 889 3846 optime
914 3781 1007 3832 elucet
1033 3797 1068 3831 ex
1094 3778 1121 3832 h.
1140 3797 1167 3847 p.
1188 3797 1212 3832 a.
1232 3797 1259 3847 p.
1282 3773 1345 3833 178²

170 3850 306 3918 „Semper
330 3850 360 3902 in
384 3851 525 3917 adjunctis
549 3867 675 3917 aevoque
702 3851 878 3903 morabimur
902 3852 1007 3918 aptis,“
1039 3851 1089 3904 ubi
1115 3850 1228 3902 dativus
1259 3841 1345 3911 ,aevo‘

168 3940 223 3974 uno
250 3921 408 3989 eodemque
431 3920 517 3973 modo
542 3927 571 3973 et
598 3922 634 3973 ad
657 3922 842 3989 participium
868 3922 1025 3990 ‚adjunctis‘
1050 3922 1134 3974 etad
1155 3913 1345 3989 ‚adjectivum‘

169 3992 259 4061 ‚aptis‘
278 3993 422 4061 pertiuet;
442 3992 477 4044 de
498 3997 559 4044 tota
579 3993 745 4059 quaestione
764 3994 799 4045 cf.
819 3992 1017 4056 Lehmann,
1037 3993 1054 4045 l.
1075 4011 1099 4046 c.
1119 3997 1198 4060 pg.i
1219 3992 1345 4054 coll.18;

167 4064 351 4131 Augustin
372 4063 416 4125 ,de
436 4081 488 4115 usu
508 4063 598 4114 dativi
629 4081 661 4115 ac
690 4082 805 4132 praepp.
827 4065 855 4114 in
879 4069 1022 4117 structura
1035 4064 1112 4116 verb.
1130 4080 1252 4131 compp,
1273 4080 1345 4130 quac

168 4136 243 4203 apud
263 4134 321 4187 Cic.
342 4135 501 4202 leguntur‘,
529 4152 607 4204 prgr.
633 4134 729 4192 Ratib.
752 4138 819 4191 leue
843 4153 891 4205 pg.
912 4140 939 4205 23
970 4134 1134 4207 ignatius
1163 4134 1181 4187 l.
1202 4153 1225 4188 e.
1245 4153 1293 4206 pg.
1314 4139 1344 4202 ῖς

168 4205 271 4263 Hahn
290 4207 309 4264 l.
329 4222 354 4262 c.
371 4223 420 4281 pg.
440 4208 519 4263 3-4.

1406 4262 1492 4448 Ι
