3120 4838
498 159 717 224 ..34-

19 333 166 415 luerunt,
200 341 237 398 ut
265 335 480 418 compositum
510 335 643 398 verbum
671 357 739 398 esse
767 358 830 400 non
859 339 926 419 jam
956 339 1132 403 sentiretur
1160 348 1192 404 et

21 431 193 505 propterea
219 425 287 506 jam
318 423 443 506 pridem
472 430 593 488 certam
622 423 786 505 quandam
815 425 1004 508 firmamque
1028 435 1190 491 construe-

20 513 139 575 tionem
163 514 336 595 acciperet:
565 507 568 513 ’

108 613 142 684 a)
166 625 188 662 c.
214 605 297 664 dua:
321 599 359 666 O.
385 601 434 667 IV
465 606 555 686 1320:
584 600 676 684 Quae
700 624 750 665 me
773 611 945 686 surpuerat
970 606 1067 682 mibi;
1093 605 1125 670 S.
1152 606 1189 668 Π

21 694 105 773 32⁸4:
130 712 229 754 unum
253 713 302 754 me
326 692 450 754 surnite
474 692 585 768 morti3

109 777 144 862 b)
168 804 192 841 c.
213 802 340 863 praep:
365 779 452 844 Nam
481 780 521 842 de
552 780 640 843 mille
673 779 768 844 fabae
797 780 914 844 modiis
943 803 1015 845 cum
1047 783 1190 864 subripis

20 889 118 930 unum
142 867 205 952 Ep.
231 867 250 930 I
277 872 360 954 16„.

392 1009 440 1073 II.
465 1010 552 1073 'rerba
577 1012 787 1094 distinguendi.
801 1009 826 1095 ¹)

558 1152 577 1238 s
605 1157 654 1216 11.

109 1275 279 1360 Quomodo
296 1277 362 1341 fere
375 1279 482 1341 omnia
498 1277 669 1357 adiectiva,
688 1278 805 1360 quibus
822 1280 997 1362 aequitatis
1014 1280 1064 1344 vel
1080 1282 1190 1344 simiii-

18 1367 141 1430 tudinis
165 1367 254 1430 notio
280 1366 436 1446 inhaeret,
463 1367 609 1430 dativum
633 1366 828 1448 adsciscunt,
853 1376 889 1430 ut

269 1476 436 1538 ,parsum
460 1455 568 1535 alicui,
595 1456 709 1520 similis
734 1477 803 1519 sum
828 1455 937 1519 alicui‘

19 1553 49 1608 et
81 1548 255 1628 propterea
289 1545 386 1608 etiam
421 1543 601 1624 verborum,
638 1567 721 1627 quae
750 1544 862 1608 eadem
890 1553 1006 1609 sonant
1034 1547 1189 1611 nonnulla

19 1635 118 1699 tertio
143 1634 232 1698 casui
257 1632 490 1717 adjunguntur,
516 1641 553 1697 ut

383 1743 536 1804 ,aequare
560 1723 658 1786 alicui
683 1723 820 1805 aliquid‘

3 1813 65 1896 ita
110 1813 206 1876 etiam
247 1833 330 1894 quae
372 1812 569 1876 contrariam
604 1810 742 1874 induunt
781 1813 956 1891 notionem,
994 1835 1188 1895 quamquam

19 1902 210 1983 plerumque
234 1900 298 1966 abl.
324 1902 542 1984 separativum
566 1900 762 1984 praeferunt,
788 1901 951 1964 interdum
969 1901 1114 1964 dativum
1133 1903 1188 1964 ad-

20 1991 171 2053 sciscunt.
220 1988 324 2072 Quam
349 1992 622 2054 constructionem
646 2011 703 2053 cur
725 1989 978 2054 Ruddimannus
1002 2013 1054 2073 pg.
1081 1994 1144 2055 149
1170 2016 1188 2053 a

20 2076 220 2144 Graecorum
244 2099 332 2142 more
357 2079 538 2143 derivatam
556 2101 625 2143 esse
641 2078 826 2152 contendat,
851 2099 981 2143 causam
999 2101 1063 2143 non
1079 2079 1187 2156 video,
1249 2122 1250 2125 κ

19 2169 128 2250 potius
158 2168 237 2231 mihi
267 2168 351 2231 idem
382 2168 512 2232 videtur
536 2169 666 2232 dativus
690 2190 758 2232 esse
782 2189 820 2231 ac
844 2189 940 2250 quem
969 2168 1065 2232 verbo
1089 2168 1188 2250 ,adja-

19 2262 100 2320 cera‘
116 2257 166 2320 rel
186 2255 250 2339 adj.
268 2258 380 2335 ,utilis
398 2257 587 2339 adjunctum
604 2256 748 2343 videmus
765 2278 922 2338 quemque
931 2259 1007 2339 quia
1017 2260 1118 2341 omnips
1137 2281 1188 2336 ge-

18 2347 102 2408 neris
132 2345 252 2426 verbis,
280 2346 444 2428 inquibus
468 2348 652 2428 conjunctio
677 2346 834 2428 quaedam
858 2345 907 2408 vel
931 2348 1076 2409 contar-ia
1093 2347 1188 2409 trotio

19 2436 116 2515 inest,
142 2436 209 2498 sive
231 2434 365 2499 localem
383 2436 504 2499 babent
520 2437 593 2515 rim,
620 2437 685 2498 sive
703 2442 808 2498 mente
824 2434 919 2496 modo
937 2456 975 2496 ac
992 2437 1189 2516 cogitatione

19 2545 88 2587 eam
119 2525 302 2607 perspicere
326 2546 512 2607 possumuS,
545 2525 632 2587 haud
663 2522 861 2587 incommode
888 2523 1054 2602 „dativum
1078 2546 1188 2586 conso-

19 2613 167 2677 ciationis
199 2614 265 2677 sive
296 2614 507 2677 sociativum“
535 2613 701 2694 appellare
724 2632 905 2693 possumus,
953 2612 1100 2694 Quocum
1124 2636 1187 2676 uon

19 2702 123 2766 solum
147 2701 309 2785 adjectiva
333 2724 413 2786 ,par,
439 2702 563 2780 similis,
590 2701 736 2782 aequalis
754 2707 825 2762 etc!
851 2707 883 2762 et
906 2702 1003 2764 rerba
1027 2723 1185 2782 ,serpen-e,

19 2791 214 2874 adaequare,
240 2791 426 2869 adhaerere,
444 2795 516 2853 ete‘
540 2789 596 2853 sed
613 2791 710 2852 etiam
727 2810 834 2851 eorum
854 2791 994 2852 onmium
1011 2792 1185 2867 contraria,

19 2886 54 2943 ut
70 2881 196 2964 ,impar,
223 2881 399 2960 dissimilis,
425 2879 613 2961 inaequalis,
632 2879 702 2959 ,vel,
721 2876 859 2957 differre,
876 2877 1070 2964 discrepare,
1090 2879 1182 2940 dissi-

19 2969 95 3033 dere
126 2969 202 3033 alia‘
241 2970 415 3053 prasertim
445 2967 681 3050 posterioribus
711 2967 913 3052 temporibus
945 2974 1185 3032 construuntur.

18 3056 132 3143 Atque
156 3065 280 3142 poetae,
306 3056 516 3140 quiquidem
541 3077 674 3140 semper,
702 3063 737 3119 ut
758 3056 827 3138 jam
852 3056 929 3136 dixi,
956 3057 1054 3120 altius
1078 3078 1186 3119 exsur-

20 3158 140 3229 gentes,
166 3170 250 3231 quae
272 3148 486 3230 ,jejunitatem
510 3146 694 3209 existiment
716 3145 873 3209 redolere‘
899 3146 1070 3231 repudient
1086 3146 1186 3209 ratio-

20 3259 163 3320 nemque,
190 3259 254 3320 qua
270 3237 449 3302 sententiae
464 3234 649 3299 reconditae
662 3242 759 3317 atque
776 3235 955 3316 exquisitae
971 3257 1004 3298 se
1017 3235 1186 3316 excipiant,

18 3347 133 3391 trovam
158 3326 322 3409 quandam
346 3331 377 3389 et
401 3325 593 3389 inusitatam
616 3326 817 3407 praeferant,
851 3325 949 3387 etiam
975 3326 1036 3387 hac
1060 3326 1092 3386 in
1116 3323 1188 3386 reli-

20 3415 127 3479 berius
145 3415 203 3478 illa
220 3416 469 3479 constructionis
485 3413 618 3477 licentia
635 3419 770 3493 utentes,
796 3413 1025 3495 praeferebant
1042 3414 1187 3477 dativum

20 3505 115 3569 alteri
155 3506 352 3568 inveteratae
393 3526 431 3568 ac
466 3502 609 3589 pedestri
648 3503 789 3566 orationi
824 3503 983 3583 probatae
1023 3502 1187 3579 locutioni,

20 3595 139 3677 quippe
167 3615 249 3677 quae
281 3592 426 3676 ablativo
454 3593 558 3674 magis
583 3592 718 3672 faveret,
750 3613 821 3653 cum
846 3593 1081 3676 separationem
1106 3593 1189 3652 inter

19 3704 70 3746 res
87 3689 295 3764 comparatas
319 3682 566 3745 intercedentem
592 3681 713 3744 clarius
737 3679 907 3742 indicaret.

109 3770 174 3837 Sed
216 3771 407 3854 priusquam
448 3770 490 3834 ad
531 3771 627 3854 ipsos,
667 3769 723 3831 ubi
758 3775 886 3830 exstant
922 3770 1068 3851 exempla
1101 3768 1188 3830 locos

21 3860 255 3925 enumerandos
280 3858 484 3939 accedamus,
520 3859 637 3920 iterum
666 3879 729 3920 non
754 3857 870 3919 irmtile
894 3858 955 3919 erit
980 3858 1109 3938 singula
1133 3857 1188 3917 ob·

16 3951 112 4032 jecta,
151 3951 216 4013 sive
252 3949 284 4012 in
319 3947 413 4010 nudis
446 3947 576 4011 casibus
608 3947 714 4027 posita
743 3951 827 4024 sunt,
859 3945 925 4007 sive
953 3966 1025 4007 cum
1053 3966 1187 4025 praepp.

22 4038 130 4102 verbis
154 4037 263 4116 affixa,
290 4038 324 4099 in
337 4036 482 4100 ordinem
499 4035 654 4116 digerere,
675 4039 711 4096 nt
725 4033 864 4112 facilins
890 4041 998 4095 utram
1016 4034 1189 4116 unicuique

21 4127 120 4190 verbo
145 4126 417 4190 constructionem
442 4125 487 4188 H.
513 4122 709 4199 adhibuerit,
736 4121 837 4184 oculis
862 4121 969 4183 videre
993 4122 1098 4185 liceat.

1070 4224 1075 4247 i

20 4273 230 4283 ,-..,.-..-.-.-.

113 4359 134 4429 ¹)
155 4357 190 4410 cf.
210 4353 307 4408 Kiihn.
327 4353 360 4406 II
379 4358 515 4421 ‘234sqq3
544 4352 638 4409 Haase
658 4370 706 4420 pg.
730 4356 778 4404 lto
793 4370 865 4421 sqq.;
894 4351 997 4420 Draeg.
1018 4351 1048 4403 I2
1067 4356 1118 4406 aas
1129 4371 1188 4425 sqq.
