3120 4838
731 202 769 268 53

95 405 283 490 sabantur,
311 403 465 501 egregia
491 400 551 476 illa
578 404 631 475 rei
658 404 828 501 vitaeque
857 405 1017 477 rusticae
1047 405 1172 501 imago
1199 431 1231 476 v.
1264 428 1392 494 9-22

100 532 209 605 fluxit
263 533 359 604 Nam
386 531 488 629 quod
516 546 644 627 potest
671 533 846 605 sincerius
880 548 1032 606 naturae
1066 531 1258 627 gaudium,
1299 556 1396 628 quae

101 659 281 755 integrior
308 658 549 758 agriculturae
578 657 778 736 delectatio
806 660 979 758 cogitari,
1019 684 1127 756 quarn
1155 683 1251 756 quae
1281 675 1398 754 poeta

102 788 227 884 paucis
261 788 428 861 versibus
461 785 690 884 simpliciter,
728 788 904 874 candide,
943 788 1042 860 omni
1076 791 1192 861 modo
1228 787 1396 861 absolute

101 914 321 1012 descripsit?
366 911 463 988 Tale
492 915 581 1012 quid
608 914 742 989 Alfium
771 916 933 989 sensisse
960 913 1021 989 vel
1041 915 1138 989 Alfio
1168 915 1394 989 faeneratori

99 1059 251 1139 poetam
279 1059 354 1115 tam
381 1042 549 1117 eximiam
582 1044 749 1141 integrae
786 1044 1093 1140 incorruptaeque
1124 1044 1258 1117 mentis
1286 1042 1394 1141 signi-

97 1169 305 1244 ficationem
334 1171 505 1244 tribuisse
542 1171 716 1246 credibile
755 1172 837 1246 est?
891 1172 1063 1269 Denique
1093 1187 1179 1268 apte
1207 1173 1396 1268 planeque

96 1298 192 1372 haec
220 1324 308 1396 pars
335 1299 517 1373 numinum
546 1300 746 1395 agrestium
775 1300 895 1396 Priapi
929 1315 968 1374 et
994 1297 1130 1375 Silvani
1168 1324 1390 1373 commemo-

96 1427 239 1501 ratione
268 1425 505 1501 concluditur.

204 1555 301 1628 Huic
338 1555 447 1651 igitur
482 1555 594 1651 ipsius
630 1555 836 1628 sententiae
870 1571 988 1651 poeta
1016 1555 1198 1629 diversum
1226 1554 1391 1629 faenera-

96 1682 190 1757 toris
218 1684 408 1756 cuiusdam
435 1683 484 1755 de
510 1684 585 1756 vita
603 1683 740 1756 rustica
755 1683 930 1780 judicium
949 1685 1133 1781 opposuit,
1162 1685 1240 1759 sive
1260 1685 1391 1757 ambos

94 1811 193 1884 inter
226 1836 269 1884 se
309 1808 473 1906 colloqui
507 1811 584 1884 sive
612 1811 768 1885 Horatio
796 1809 962 1907 loquenti
989 1810 1123 1886 Alfium
1152 1811 1391 1909 supervenire

94 1938 175 2012 sive
202 1940 306 2036 quasi
335 1939 371 2011 in
398 1963 510 2011 scena
538 1964 560 2012 a
589 1938 747 2012 diversis
768 1939 933 2034 partibus
952 1955 1112 2015 stantem
1131 1966 1233 2015 suam
1259 1956 1392 2013 utrum-

94 2092 170 2163 que
198 2091 401 2162 personam
429 2091 544 2164 agere
580 2067 747 2162 cogitare
776 2068 898 2140 mavis.
954 2069 1050 2141 Nam
1087 2068 1190 2165 quod
1216 2093 1393 2141 summum

94 2210 169 2283 est,
206 2196 339 2267 nullum
377 2194 557 2267 sincerum
594 2194 648 2267 rei
690 2194 850 2268 rusticae
890 2196 1062 2291 gaudium
1103 2195 1280 2293 invenies3
1322 2196 1393 2268 sed

93 2319 212 2395 Alfius
254 2322 377 2395 subito
411 2337 450 2395 et
487 2321 610 2420 exigui
652 2322 831 2418 temporis
872 2323 1011 2419 impetu
1053 2324 1238 2419 animique
1279 2338 1390 2412 motu,

93 2466 184 2547 post
209 2475 319 2546 quem
347 2451 421 2523 iam
440 2450 607 2546 proximo
628 2451 804 2546 temporis
824 2468 1013 2524 momento
1032 2469 1176 2548 turpem
1196 2466 1392 2547 quaestum

91 2601 177 2651 eum
209 2577 344 2651 fecisse
380 2578 551 2651 extremis
593 2593 765 2675 quattuor
804 2579 970 2653 versibus
1006 2595 1123 2675 poeta
1157 2595 1298 2667 narrat,
1333 2578 1382 2651 de

89 2705 188 2779 vitae
222 2706 381 2779 rusticae
414 2705 618 2778 commodis
653 2720 690 2778 et
722 2708 950 2802 praestantia
985 2707 1125 2804 cogitat
1159 2722 1197 2779 et
1224 2704 1384 2802 loquitur

89 2877 143 2889 -
168 2833 280 2906 variis
306 2831 365 2908 ille
395 2833 518 2906 causis
545 2849 768 2907 commotus:
812 2834 977 2933 pigritia,
1014 2835 1172 2908 venandi
1200 2833 1382 2931 cupidine,

89 2960 337 3057 impudicitiae
364 2985 606 3058 amorumque
641 2978 680 3035 et
712 2963 874 3036 luxuriae
901 2966 1120 3036 urbanorum
1146 2963 1316 3037 satietate
1345 2979 1384 3036 et

91 3088 231 3179 taedio,
261 3088 421 3186 denique
450 3089 614 3162 avaritia.
660 3089 764 3182 Quas
792 3116 901 3165 veras
927 3090 1090 3165 rationes
1117 3106 1232 3188 poeta
1260 3092 1384 3165 faene-

88 3232 256 3290 ratorem
294 3232 488 3312 tegentem
524 3232 563 3289 et
594 3217 698 3291 varia
739 3217 969 3293 simulatione
1005 3217 1252 3294 occultantem
1289 3219 1384 3310 lacit,

89 3344 144 3417 ita
157 3359 291 3432 tamen,
310 3361 350 3417 ut
364 3344 500 3441 ubique
519 3343 597 3417 fere
616 3346 894 3442 perspiciantur.
915 3347 1041 3441 Quare
1057 3372 1132 3419 non
1147 3372 1236 3420 casu
1251 3346 1387 3420 factum

86 3471 235 3545 videtur
271 3497 379 3561 esse,
415 3486 452 3545 ut
481 3472 580 3569 prior
605 3498 709 3568 pars,
744 3501 840 3571 quae
870 3503 917 3551 ex
942 3474 1065 3548 intimo
1093 3474 1239 3547 Horatii
1266 3473 1386 3549 animo

90 3599 273 3697 originem
307 3598 424 3690 duxit,
459 3600 538 3674 sine
571 3600 817 3677 haesitatione
855 3620 894 3679 et
930 3601 1133 3676 offensione
1161 3602 1386 3677 decurreret.

90 3728 235 3801 Contra
262 3727 299 3799 in
325 3729 543 3824 posterioris
570 3731 737 3804 versibus
773 3736 902 3833 37J38.
934 3733 1064 3825 51l52.
1100 3755 1175 3803 non
1200 3731 1383 3807 immerito

87 3848 367 3947 Peerlkampius
403 3853 580 3955 offendit,
609 3858 676 3931 nisi
713 3859 814 3956 quod
850 3858 943 3933 falso
975 3856 1110 3931 idcirco
1144 3874 1283 3954 poetae
1318 3861 1381 3934 ab·

83 3978 310 4053 iudicandos
344 4006 431 4054 esse
467 3984 625 4071 censuit,
659 4011 756 4081 quos
783 4011 854 4084 pro
882 3988 997 4060 minus
1023 3986 1200 4080 perfectis
1226 3989 1379 4080 habere,

87 4107 242 4197 debuit3
271 4132 393 4203 neque
421 4108 563 4206 reliqua
591 4111 687 4182 omni
715 4112 1002 4208 reprehensione
1029 4130 1169 4189 carent.

193 4234 304 4329 Quae
332 4236 363 4309 si
390 4253 491 4311 recte
521 4239 707 4333 disputata
733 4256 826 4325 sunt,
853 4264 935 4312 cum
962 4265 1146 4336 nunquam
1173 4242 1207 4316 in
1231 4243 1376 4318 Horatii

82 4363 275 4437 codicibus
303 4361 446 4460 singula
472 4366 630 4439 carmina
657 4363 751 4440 falso
779 4368 961 4464 dirempta
986 4367 1223 4459 inveniantur,
1261 4371 1371 4446 etiam

83 4494 181 4567 hanc
208 4493 258 4565 ob
287 4515 438 4565 causam
457 4496 531 4567 tale
555 4493 644 4591 quid
671 4495 719 4568 de
747 4520 778 4572 c.
806 4496 821 4568 Ι
852 4515 871 4589 7
901 4518 984 4569 cum
1001 4493 1131 4596 aliqua
1142 4499 1231 4575 ueri
1253 4501 1392 4595 speeie
