3120 4838
665 138 887 200 -25.„

275 313 393 397 ltaque
409 337 482 379 cum
497 336 599 396 neque
614 312 815 379 Graecorum
828 314 979 393 imitatio,
1004 334 1107 396 neque
1123 313 1211 377 vocis
1229 311 1359 376 omissio

189 404 347 468 rationem
371 405 461 468 illius
485 405 735 468 constructionis
760 404 841 467 satis
866 403 1021 482 illustret,
1054 402 1201 484 equidem
1230 406 1358 465 secutus

189 494 434 576 explicationes,
460 515 542 575 quas
566 492 612 556 H.
630 492 761 556 Keilius
786 494 818 556 in
843 492 962 556 scholis
980 493 1047 555 suis
1063 491 1273 572 renuntiavit,
1298 490 1360 554 har.

186 583 239 645 via
263 582 306 645 ad
330 605 441 646 verum
465 581 598 665 procedi
622 603 717 664 posse
741 581 884 645 confido:

274 669 350 734 Duo
375 672 504 735 omnino
529 692 634 750 casus,
659 670 777 752 quibus
801 691 853 733 res
866 669 994 752 objecta
1013 667 1227 751 significatur,
1252 667 1359 731 verbis

184 761 337 842 primitus
362 760 627 842 adjungebantur
637 759 676 842 ¹):
702 759 905 822 accusativus
930 763 987 822 aut
1011 757 1196 839 genetivus;
1221 778 1359 839 quorum

184 850 277 931 prior
301 850 480 931 apponitur
502 849 619 928 verbis,
645 849 673 911 si
696 849 868 912 transitive
884 853 1103 928 usurpantur3
1128 846 1216 928 quod
1239 846 1359 928 saepis-

185 938 267 1000 sime
295 936 377 1016 fieri,
411 939 603 1020 praesertim
631 938 664 1001 in
687 937 800 1019 lingua
823 958 921 1018 quam
945 935 1082 998 dicimus
1107 934 1252 1015 classica,
1278 935 1359 998 satis

184 1023 301 1089 n'otum
326 1033 388 1090 est:

687 1115 793 1197 ,cupio
817 1118 862 1177 13ί

184 1205 270 1268 alter
294 1225 314 1266 a
338 1203 444 1268 verbis
480 1205 684 1283 adsciscitur,
725 1226 797 1267 cum
823 1203 854 1265 in
891 1203 923 1266 in
958 1203 1167 1266 transitivam
1194 1203 1358 1266 notionem

185 1293 340 1356 abierunt
364 1300 538 1376 carentque
562 1294 760 1357 accusativo:
786 1293 841 1373 qui
864 1292 1037 1374 genetivus
1056 1291 1141 1354 idem
1165 1297 1213 1354 331
1237 1312 1275 1354 33
1303 1292 1359 1374 qui

111 1459 115 1467 ¹
184 1381 357 1463 adjectivis
381 1382 570 1464 plerumque
594 1381 768 1465 adjunctus
792 1385 841 1443 est
865 1387 897 1445 et
920 1380 1180 1466 supplementum
1203 1380 1358 1462 quodam·

184 1470 282 1534 modo
305 1471 431 1534 notioni
453 1471 555 1554 ipsius
580 1471 732 1554 adjectivi
756 1470 805 1533 vel
831 1470 921 1533 verbi
946 1468 1058 1534 affert:
1072 1467 1100 1553 62)

276 1558 451 1638 ,abstineto
487 1560 634 1638 irarum‘;
672 1580 718 1638 ,er
753 1559 798 1621 sei
830 1559 1036 1638 enthaltsam,
1067 1559 1137 1622 hier
1166 1558 1296 1641 speciell
1325 1559 1359 1622 in

186 1647 290 1731 bezug
314 1647 373 1711 auf
393 1647 820 1712 33133331333333111113113.ί

275 1758 370 1819 ,quae
401 1738 535 1820 capiunt
558 1739 618 1801 tui‘
643 1737 768 1825 (Plaut.
793 1758 835 1800 m.
861 1758 891 1818 g.
917 1735 1009 1821 964);
1034 1736 1101 1800 voll
1124 1735 1292 1818 begierde,
1325 1738 1358 1801 in

186 1825 306 1889 diesem
331 1825 410 1889 falle
433 1827 515 1892 nach
538 1826 624 1890 Dir.‘
1278 1873 1281 1920 ἵ

275 1914 373 1978 Tales
397 1917 573 1996 genetivos,
598 1917 626 1979 si
649 1915 832 1980 universam
855 1915 988 1996 linguae
1003 1912 1169 1977 Romanae
1185 1914 1358 1979 historiam

187 2004 360 2082 intuemur,
386 2005 625 2087 antiquioribus
649 2003 850 2086 temporibus
873 2003 1018 2067 videmus
1042 2003 1190 2067 omnibus
1207 2004 1274 2067 fere
1289 2026 1358 2068 ver·

184 2093 248 2172 bis,
275 2114 463 2175 quacunque
487 2101 561 2157 sunt
584 2095 616 2157 vi
632 2095 682 2158 vel
702 2093 842 2172 notione,
861 2092 999 2178 apponi,
1025 2092 1081 2155 sed
1094 2114 1171 2155 usus
1185 2092 1358 2174 paullatim

188 2183 239 2244 ita
270 2184 478 2246 coercebatur
507 2190 538 2247 31
570 2189 738 2268 tamquam
763 2182 913 2245 cancellis
942 2181 1284 2263 circumscribebatur,
1321 2190 1358 2247 ut

188 2271 336 2352 exempla
367 2292 450 2356 quae
478 2277 606 2336 exstant
637 2274 670 2335 in
698 2270 865 2352 Augustei
895 2271 965 2334 aevi
987 2269 1095 2351 libris,
1125 2272 1262 2353 exiguae
1285 2273 1358 2336 reli·

187 2360 286 2444 quiae
309 2361 552 2432 consuetudinis
577 2367 674 2425 antea
697 2362 765 2424 late
780 2360 939 2442 longeque
955 2361 1098 2441 patentis
1114 2360 1262 2442 putanda
1278 2361 1357 2439 sint;

186 2455 222 2511 31
247 2449 275 2511 31
297 2451 439 2531 priorem
463 2472 557 2513 usum
582 2457 781 2536 spectamusr,
808 2455 965 2533 quattuor
988 2449 1147 2530 imprimis
1170 2448 1358 2530 hujusmodi

186 2537 361 2601 verborum
400 2539 528 2620 classes,
569 2540 687 2624 quibus
723 2539 805 2602 tales
840 2537 979 2619 genetivi
1018 2538 1241 2618 appositivi
1277 2538 1358 2603 sive

185 2628 389 2690 materiae
413 2627 498 2710 (gen.
524 2628 579 2691 des
605 2628 740 2710 inhalts)
764 2626 1019 2710 apponebantur,
1046 2625 1185 2689 discerni
1206 2634 1357 2709 possunt3

186 2737 328 2799 quarum
356 2717 484 2798 prima
512 2739 550 2780 ea
578 2719 737 2796 continet,
767 2716 887 2801 quibus
912 2715 1011 2779 animi
1036 2713 1173 2779 affectus
1196 2718 1287 2780 notio
1311 2717 1358 2780 in·

185 2804 313 2870 haeret:
351 2826 416 2890 quo
440 2806 535 2869 velim
559 2825 743 2872 enumeres:
779 2826 895 2890 ,neque
917 2805 973 2867 ille
997 2802 1140 2886 Sepositi
1165 2805 1277 2870 ciceris
1301 2827 1359 2870 nec

185 2893 304 2976 longae
329 2894 448 2957 invidit
471 2900 616 2974 avenae‘,
642 2894 786 2958 deinde
810 2915 856 2974 33,
882 2893 1001 2979 quibus
1016 2894 1191 2957 memoriae
1207 2896 1258 2959 vel
1276 2895 1357 2959 obli-

185 2984 290 3046 vionis
324 2984 417 3046 notio
453 2985 553 3062 inest,
587 2991 626 3047 ut
657 2982 845 3063 ,recordari‘
880 2983 961 3046 alia:
995 3003 1058 3066 quo
1087 2982 1247 3047 referendi
1275 2984 1356 3050 loci:

185 3071 307 3151 ,desine
340 3072 487 3135 mollium
518 3074 749 3157 querelarum‘,
787 3071 949 3151 ,laborum
980 3070 1153 3156 decipitur‘
1181 3072 1357 3151 ,abstineto

186 3162 310 3224 irarum
335 3165 423 3239 etc.‘;
452 3167 533 3224 tum
557 3183 596 3225 33
620 3162 738 3246 quibus
762 3160 958 3243 significatio
982 3159 1202 3224 abundantiae
1229 3163 1281 3226 vel
1309 3163 1356 3227 in-

186 3250 279 3332 opiae
302 3249 451 3332 subjecta
475 3256 536 3313 est:
562 3252 654 3334 cujus
679 3250 804 3332 generis
828 3255 903 3313 sunt
932 3249 1049 3328 ‚morbi
1072 3255 1244 3333 purgatus‘
1272 3271 1357 3330 ,cum

187 3338 319 3403 famulis
344 3360 479 3421 operum
496 3340 636 3403 solutis!
675 3337 741 3427 (Of.
764 3339 859 3401 etiam
877 3360 995 3420 purus:
1020 3339 1225 3422 ,scelerisque
1242 3362 1354 3423 purus,

186 3485 248 3492 0—-

280 3552 302 3619 1)
322 3551 358 3604 cf.
379 3550 572 3615 Delbriick,
593 3552 771 3619 grundlagen
792 3550 843 3602 der
862 3551 968 3618 griech.
989 3555 1097 3618 syntax,
1117 3550 1182 3603 Hal.
1202 3549 1267 3603 Sex.
1290 3556 1358 3606 1879

187 3639 232 3690 pg.
252 3625 299 3677 39:
332 3622 395 3689 „eiu
420 3640 562 3690 grosser
587 3623 654 3676 teil
679 3623 737 3675 des
760 3623 923 3690 genetiva
947 3623 1003 3675 bei
1024 3622 1151 3674 verben
1171 3622 1261 3675 l'asst
1280 3624 1358 3677 sich

188 3695 393 3756 verstehen,
422 3711 519 3745 wenn
542 3712 615 3746 man
640 3694 698 3746 ih'n
723 3694 785 3745 mit
810 3693 885 3746 dem
905 3712 972 3747 acc.
992 3696 1026 3746 in
1045 3693 1219 3762 parallelo
1239 3696 1357 3759 stellt,

189 3763 276 3817 wobei
301 3783 337 3817 an
356 3760 418 3817 ¹den
443 3765 598 3832 ausspruch
621 3783 677 3816 von
700 3764 728 3818 J.
753 3763 864 3816 Grimm
890 3765 1016 3818 erinnert
1040 3765 1152 3817 werden
1176 3781 1256 3833 mag:
1289 3766 1358 3830 ,Der

189 3837 329 3888 accusativ
358 3835 436 3903 zeigt
465 3835 511 3888 die
541 3836 643 3888 vollste
672 3835 900 3889 entschiedenstc
928 3837 1122 3903 bewaltigung
1149 3835 1227 3887 eines
1251 3855 1357 3905 gegen·

188 3907 300 3960 standes
321 3907 412 3959 durch
432 3906 487 3958 den
506 3907 545 3958 im
565 3908 650 3959 verbo
671 3907 720 3959 des
739 3908 939 3975 satzsnbjectes
959 3908 1140 3960 enthaltenen
1160 3907 1278 3974 begriff3
1308 3926 1356 3976 ge·

186 3976 299 4040 ringere
319 3977 555 4045 objectivisirung
574 3979 645 4046 liegt
664 3979 693 4029 in
713 3978 777 4030 dem
797 3996 875 4045 gen,
900 3979 945 4031 die
972 3980 1062 4047 tatige
1087 3977 1162 4029 kraft
1181 3979 1253 4030 wird
1273 3980 1356 4032 dabei

186 4048 339 4114 gleichsam
360 4067 415 4100 nur
434 4050 568 4101 versucht
586 4050 644 4102 und
663 4049 840 4116 angehoben,
859 4049 938 4102 nicht
958 4048 1118 4117 erschiipst.’

277 4119 301 4186 ²)
321 4120 356 4172 cf.
378 4119 411 4172 Ο.
431 4119 537 4178 11131:
558 4125 652 4183 ,tenax
671 4120 835 4188 propositi’:
857 4119 933 4186 „z'ah,
954 4121 1097 4174 diesmal
1117 4119 1145 4171 in
1165 4120 1273 4174 seinem
1292 4141 1355 4176 vor·

187 4189 300 4257 haben’3
321 4191 378 4243 alia
398 4191 535 4259 ejusmodi
556 4192 706 4259 adjectiva,
727 4191 829 4257 quibus
849 4194 883 4244 ab
897 4193 933 4244 H.
948 4194 1096 4259 genetivus
1109 4193 1285 4259 postpositus
1305 4199 1355 4256 est,

189 4262 281 4314 omnia
300 4268 467 4315 enumerata
487 4266 552 4313 sunt
571 4263 646 4330 apud
665 4261 797 4329 Ebeling.
817 4281 864 4331 pg.
885 4269 917 4316 ‘22
928 4282 1002 4331 sqq:
1031 4264 1131 4330 quibus
1150 4262 1267 4328 formae,
1288 4283 1356 4340 quas

190 4333 286 4387 attulit
304 4332 445 4388 Haustein
466 4333 495 4388 in
515 4333 714 4392 dissertatione
734 4351 793 4402 sua,
812 4335 996 4409 complendae
1016 4340 1088 4396 sunt,

1399 4378 1488 4544 Ι
