3120 4838
798 230 1008 296 ..32-

326 417 482 484 Tiresiam
509 420 606 502 Ulixi,
641 422 696 504 qui
721 422 944 507 interrogavit,
979 423 1137 506 quomodo
1171 423 1323 488 ditescere
1355 428 1474 507 posset,

325 529 567 610 respondentem
585 530 672 610 facit,
696 552 805 595 senum
826 538 1018 596 testamenta
1033 531 1193 615 captanda
1214 553 1292 612 esse,
1315 539 1347 596 et
1367 537 1475 615 capta-

325 636 410 700 toria
438 637 573 700 artificia
601 639 804 720 aperientem,
838 640 870 703 in
897 645 1078 722 captatores
1108 638 1279 717 invehitur3
1312 637 1476 703 Lucianus

326 748 358 805 et
378 741 587 826 descriptione
608 745 729 808 itineris
743 745 904 828 Menippei
920 745 961 809 ad
982 745 1098 809 inferos
1115 745 1278 808 hominum
1297 751 1476 809 commenta

326 849 365 915 de
386 851 495 915 inferis
516 852 628 916 irridet
659 851 834 935 divitesque
863 853 1061 935 potissimum
1091 874 1128 916 ao
1157 858 1302 935 potentes
1331 853 1476 935 increpat

326 964 358 1023 et
381 958 522 1024 Tiresiae
553 966 725 1043 praecepto
755 960 793 1024 do
829 961 949 1043 optima
983 959 1105 1024 vivendi
1137 960 1261 1025 ratione
1293 959 1476 1043 superbiam

324 1066 536 1131 litteratorum
553 1068 716 1133 hominurn
731 1067 842 1132 illudit.
887 1067 951 1133 Sed
966 1068 1136 1149 videramus
1160 1089 1239 1150 quas
1255 1069 1475 1133 similitudines

324 1174 437 1241 Herm.
460 1175 655 1240 Fritaschius
680 1175 851 1239 detexerit:
883 1198 910 1240 v.
931 1179 973 1239 25
995 1175 1229 1252 ‚Insidiatorem
1257 1196 1409 1258 praeroso
1430 1174 1445 1238 f
1465 1215 1476 1225 -

324 1284 406 1367 gerit
426 1284 531 1347 hamo‘
555 1290 587 1347 et
601 1283 679 1349 Luc.
696 1282 767 1349 dial.
785 1289 877 1365 mprt.
891 1282 973 1349 V14
995 1278 1024 1361 ,ὁ
1048 1283 1083 1346 di
1102 1285 1263 1346 τοσοῦτον
1284 1305 1340 1365 μοι
1360 1283 1475 1363 δέλεαρ

323 1385 494 1456 καταπιὼν
510 1385 688 1475 ἐφειστήκει
705 1391 907 1474 θαπτομένῳ
923 1386 1040 1475 πρῴην
1057 1389 1229 1474 {neptuim
1253 1414 1279 1457 v.
1294 1395 1336 1456 44
1351 1391 1475 1472 ,Plures

323 1499 489 1564 adnabunt
505 1499 616 1582 thynni
633 1504 664 1561 et
680 1499 801 1562 cetaria
816 1502 967 1561 crescent‘
984 1504 1015 1561 et
1026 1496 1103 1562 Luc.
1117 1497 1198 1562 Tim.
1209 1500 1251 1560 22
1270 1492 1356 1578 ,τοὺς
1370 1489 1476 1582 μάτην

322 1600 498 1692 κεχηνότας
520 1604 660 1682 ἐκείνους
680 1603 713 1682 ἒς
731 1598 892 1690 α’λλήλοος
913 1599 1163 1684 ἀποβλέποντας
1188 1601 1379 1670 καταλιπών
1401 1600 1476 1691 α’λη-

322 1714 380 1790 atq
399 1708 538 1799 ἄγοντας
559 1709 597 1778 τὸ
619 1714 755 1794 πένθος,
788 1709 857 1790 οἷος
879 1707 1000 1789 αὐτοὺς
1029 1706 1047 1776 ὁ
1078 1706 1203 1790 θύννος
1233 1713 1269 1778 ἐκ
1289 1717 1393 1797 μυχοῦ
1419 1717 1476 1800 τῆς

322 1816 460 1907 σαγήνης
488 1821 638 1904 διέφυγεν
668 1816 730 1884 οὐκ
762 1815 872 1905 ὀλίγον
903 1816 942 1883 τὸ
978 1820 1091 1902 δέλεαρ
1125 1812 1314 1884 καταπιών.
1364 1820 1475 1903 Atque

323 1931 472 2011 quoniam
493 1929 580 1992 illam
602 1929 840 1994 similitudinem
864 1928 982 1991 nullam
1004 1928 1066 1991 vim
1092 1927 1209 1991 habere
1233 1928 1300 2010 jani
1323 1929 1476 1993 intellexi·

321 2059 402 2118 mus,
431 2037 514 2102 hanc
544 2038 756 2120 inspiciamus.
807 2036 869 2120 Qui
896 2036 941 2116 fit,
973 2042 1009 2099 ut
1039 2037 1124 2118 ipsos
1151 2037 1288 2120 thynnos
1317 2034 1475 2102 Horatius

322 2143 571 2210 commemoret?
609 2144 770 2228 Equidem
793 2143 982 2227 respondeo,
1008 2144 1082 2225 quia
1104 2143 1216 2226 thynni
1237 2146 1475 2209 commemorati

321 2252 379 2317 soli
400 2253 443 2336 id,
470 2253 556 2336 quod
578 2252 717 2317 Horatio
740 2254 772 2315 in
792 2253 897 2316 animo
921 2257 998 2329 erat,
1021 2251 1198 2334 explebant.
1243 2251 1370 2335 Thynni
1391 2255 1475 2317 enim

321 2363 379 2426 soli
401 2367 548 2427 notorum
570 2362 703 2444 piscium
720 2362 907 2425 catervatim
928 2367 960 2424 et
975 2360 1118 2423 celeriter
1133 2365 1247 2423 natant
1257 2360 1293 2443 1);
1316 2359 1475 2425 Horatius

320 2475 428 2534 autem
449 2470 509 2534 hoc
530 2469 627 2533 sensit
658 2469 694 2549 ,si
716 2469 796 2533 haec
817 2475 989 2552 praecepta
1008 2474 1132 2532 secutus
1156 2469 1226 2548 eris,
1257 2469 1393 2533 maxime
1415 2469 1476 2534 tibi

319 2578 473 2661 proderis,
502 2577 609 2661 plures
631 2598 721 2641 senes
744 2577 803 2640 tibi
823 2575 1014 2656 conciliabis
1042 2575 1096 2656 qui
1124 2575 1200 2638 item
1226 2574 1372 2639 celeriter
1395 2577 1474 2642 alios

321 2685 499 2752 adducent‘.
566 2684 639 2769 Qua
680 2685 720 2749 de
759 2706 855 2749 causa
895 2685 991 2748 etiam
1028 2682 1114 2765 apud
1152 2683 1355 2748 Herodotum
1365 2685 1388 2770 2)
1427 2693 1476 2751 est

320 2786 491 2879 ζἘῤῥιιιται
513 2785 531 2858 ὁ
554 2789 661 2876 βόλος,
684 2788 779 2857 τὸδὲ
802 2793 933 2856 δίκτυον
948 2788 1190 2870 ἐκπεπέτασται,
1215 2785 1340 2856 &duros
1360 2785 1477 2879 δὀλμὴ-

321 2916 413 2964 οουσι
435 2901 602 2985 σεληναίης
631 2895 684 2963 διὰ
709 2897 848 2975 νυκτόςί.
891 2897 1005 2980 Neque
1033 2918 1105 2961 vero
1134 2899 1252 2962 mentio
1282 2899 1475 2964 cetariorum

321 3013 353 3072 et
376 3004 513 3094 σαγήνης
543 3010 605 3071 vim
634 3008 727 3071 huius
756 3005 966 3070 similitudinis
993 3010 1098 3086 auget,
1131 3027 1205 3070 narn
1239 3005 1363 3071 diuersa
1393 3008 1475 3074 haec

319 3115 417 3180 verba
433 3115 621 3199 significant,
639 3116 759 3179 cetaria
774 3119 904 3177 auctore
921 3111 1017 3178 schol.
1044 3109 1141 3193 Cruq.
1157 3113 1237 3190 ,loca
1253 3113 1342 3176 iuxta
1357 3113 1473 3198 lacum,

319 3221 374 3286 ubi
406 3230 484 3303 cete,
519 3222 631 3305 thynni
661 3227 692 3286 et
719 3222 773 3285 alii
801 3222 902 3304 pisces
929 3219 1015 3302 capti
1037 3218 1212 3300 saliuntnr‘,
1247 3210 1364 3305 σαγήνη
1394 3228 1474 3303 ,rete

320 3331 482 3412 quoddam
498 3334 668 3412 magnum‘.
713 3329 829 3411 Itaque
850 3349 921 3392 cum
943 3349 982 3391 ne
1005 3327 1037 3389 in
1058 3325 1187 3407 singulis
1210 3327 1336 3409 quidem
1355 3350 1475 3395 memo-

320 3437 436 3502 rabiles
459 3436 679 3501 similitudines
700 3437 771 3517 sint,
795 3457 852 3500 nos
875 3456 938 3498 non
959 3431 1089 3513 habere,
1114 3453 1169 3495 cur
1186 3433 1227 3496 ad
1242 3434 1384 3518 Menippi
1399 3458 1475 3502 auc·

320 3545 484 3610 toritatem
507 3543 624 3608 Horat.
642 3550 699 3610 sat.
722 3544 802 3608 115
825 3545 975 3625 scriptam
999 3562 1066 3607 esse
1087 3541 1307 3621 existimemus,
1328 3554 1474 3627 apparet.

319 3650 393 3717 Hac
416 3659 523 3717 autem
545 3651 748 3716 similitudine
775 3653 857 3715 inter
878 3650 993 3716 Horat.
1016 3656 1074 3714 sat.
1096 3649 1134 3712 Π
1157 3655 1175 3713 5
1199 3657 1231 3716 et
1251 3650 1386 3717 Luciani
1405 3653 1474 3720 Me-

320 3759 451 3842 nippum
474 3759 664 3835 examinata,
695 3758 736 3821 ad
765 3757 860 3822 finem
889 3779 1009 3839 earum,
1040 3778 1119 3840 quas
1138 3757 1252 3823 Herm.
1275 3761 1474 3830 Fritzschius

319 3865 352 3928 in
380 3866 519 3930 medium
548 3865 693 3948 protulit,
724 3867 791 3948 jam
821 3867 1037 3949 pervenimus:
1070 3865 1178 3947 itaque
1205 3888 1244 3930 ne
1276 3869 1304 3930 ei
1332 3869 1473 3955 quidem,

320 3975 462 4054 quamvis
483 3994 632 4056 magnam
657 3995 786 4055 operam
806 3973 1003 4056 impenderit,
1027 3973 1203 4056 contigisse,
1228 3980 1262 4037 ut
1282 3980 1473 4045 sententiam

320 4101 420 4158 suam,
442 4081 615 4146 Horatium
634 4102 727 4144 usum
755 4104 822 4147 esse
843 4082 1004 4164 Menippo,
1033 4080 1193 4164 probaret,
1217 4082 1362 4166 judicare
1389 4087 1473 4159 licet.

424 4291 444 4359 ¹]
462 4291 508 4344 cfr.
528 4291 638 4359 Oppian.
658 4291 717 4345 Hal.
737 4290 854 4348 111631.
958 4289 1068 4359 ²)164.
