3120 4838
818 218 862 303 46

194 455 326 533 ageret
353 435 405 538 (p.
437 456 511 528 270
544 439 620 535 K),
652 440 682 511 si
714 440 890 513 Meinekii
924 437 1021 512 illam
1061 441 1185 535 legem
1227 441 1409 514 Horatius
1451 468 1493 514 re

194 591 281 638 vera
317 582 465 639 secutus
503 584 623 656 esset,
668 584 771 640 certe
807 593 882 640 non
919 568 1120 652 omisisset;
1163 594 1284 665 neque
1313 571 1491 667 ignorare

194 711 351 789 poterat,
389 721 462 767 non
499 696 619 794 magis
652 722 762 792 quam
792 695 1013 769 scholiorum
1041 696 1179 769 illorum
1207 714 1344 783 auctor,
1376 724 1490 793 quem

193 822 316 895 Caesii
359 822 464 894 Bassi
503 821 698 920 aequalem
733 824 812 897 lere
854 825 969 898 fuisse
1007 824 1064 897 vel
1101 851 1171 897 non
1205 824 1315 897 multo
1352 843 1493 921 postea

192 951 329 1024 vixisse
362 977 431 1047 pro
465 949 660 1047 explorato
698 952 906 1025 habendum
945 969 1014 1025 est.
1079 953 1224 1025 Deinde
1263 955 1354 1025 Mar.
1385 953 1490 1028 Vict.

197 1055 333 1172 1oo,33
367 1104 452 1175 sqq.
489 1077 574 1151 Atil.
604 1080 756 1153 Fortun.
790 1102 925 1174 294.27
957 1107 1041 1175 sqq.
1071 1082 1292 1153 sententiam
1320 1098 1492 1155 nostram

192 1207 340 1280 disertis
378 1208 501 1280 verbis
548 1209 762 1281 confirmant
803 1224 841 1280 et
882 1207 1025 1306 singula
1060 1209 1269 1281 testimonia
1302 1226 1492 1282 sexcenta

192 1337 291 1431 apud
330 1351 521 1432 utrumque
563 1352 602 1408 et
636 1337 736 1431 apud
772 1336 995 1408 Diomedem
1031 1352 1070 1408 et
1104 1336 1272 1408 Servium
1308 1337 1489 1413 invenies,

193 1464 317 1559 Atque
355 1463 392 1535 id
428 1464 576 1560 quidem
608 1489 735 1536 omnes
770 1465 904 1554 sciunt,
941 1465 1008 1536 viri
1041 1465 1141 1536 docti
1173 1480 1294 1537 tamen
1322 1467 1492 1539 metricis

190 1592 376 1664 veteribus
412 1616 560 1664 omnem
593 1593 704 1664 fidem
737 1588 921 1688 abrogant
958 1608 995 1664 et
1030 1592 1249 1664 llleinekium
1284 1609 1324 1665 et
1365 1593 1490 1666 Lach-

191 1745 361 1792 mannum
400 1720 506 1814 sequi
548 1718 692 1791 malunt.
759 1721 838 1793 Sed
880 1737 1029 1793 veteres
1073 1737 1219 1792 secutus
1255 1721 1333 1817 jam
1373 1748 1490 1817 supra

191 1846 361 1921 nonnulla
395 1847 539 1919 Horatii
579 1864 697 1920 metra
734 1848 870 1921 rectius
912 1876 1021 1945 quam
1063 1849 1182 1920 adhuc
1216 1848 1352 1919 lactum
1392 1865 1486 1939 erat,

191 1977 389 2048 illustrasse
423 1975 508 2048 mihi
536 1976 682 2067 videor,
712 1978 813 2071 quod
841 1977 1019 2072 reliquum
1048 1996 1116 2062 est,
1146 1977 1354 2073 diligentius
1384 1994 1425 2049 ut
1453 1978 1488 2049 in

193 2128 320 2177 eorum
362 2104 620 2176 auctoritatem
660 2105 860 2200 inquiratur
902 2131 996 2200 opus
1030 2131 1115 2177 esse
1149 2104 1372 2201 significavi,
1413 2131 1490 2201 qua

193 2232 413 2327 quaestione
448 2233 608 2305 fortasse
640 2233 795 2305 futurum
824 2259 911 2305 esse
940 2249 1041 2328 put0,
1072 2249 1110 2304 ut
1137 2233 1173 2304 id
1202 2234 1486 2327 comprobetur,

192 2362 227 2432 in
262 2358 507 2457 explicatione
539 2375 741 2433 metrorum
776 2361 853 2434 fere
896 2358 1039 2450 nullam,
1078 2361 1113 2432 in
1147 2362 1341 2434 traditione
1372 2388 1489 2458 quam

192 2490 386 2561 maximam
414 2489 523 2561 fidem
553 2489 594 2560 iis
622 2489 763 2562 deberi.
822 2489 936 2581 Quod
963 2504 1042 2561 utut
1068 2489 1208 2561 evadat
1237 2507 1349 2585 certe,
1380 2494 1490 2586 quod

194 2619 243 2690 ad
269 2643 338 2689 nos
368 2617 537 2712 pertinet,
561 2617 730 2690 codicum
749 2618 1006 2712 inscriptiones
1028 2634 1064 2690 et
1083 2618 1297 2713 scriptorum
1315 2635 1488 2692 veterum

194 2745 402 2818 testimonia
429 2746 583 2818 invicem
610 2772 696 2818 sese
725 2745 873 2818 fulciunt
900 2762 1012 2841 atque
1041 2747 1227 2817 sustinent.

298 2873 460 2946 Accedit
487 2874 588 2969 quod
616 2875 651 2945 in
679 2901 751 2946 uno
780 2877 908 2947 saltem
938 2857 1098 2946 carmine
1127 2874 1287 2968 epodico
1307 2870 1408 2973 (nam
1440 2875 1490 2947 de

195 3001 355 3075 carmine
405 3003 635 3075 monosticho
679 3003 756 3075 IV8
804 3001 894 3074 infra
942 3003 1160 3097 videbimus)
1206 3027 1273 3073 nec
1315 3027 1489 3074 versuum

194 3155 363 3202 numerus
397 3131 571 3204 Meinekii
604 3132 811 3205 sententiae
846 3131 1022 3212 convenit,
1060 3131 1096 3202 in
1131 3155 1160 3201 c.
1190 3132 1239 3222 17,
1270 3129 1373 3224 quod
1404 3154 1489 3203 cum

194 3258 778 3351 Grotesendio,Doederlinio1),
808 3259 1027 3330 Buttmanno
1046 3255 1072 3352 2)
1102 3257 1317 3330 necessario
1346 3259 1381 3329 in
1409 3258 1486 3330 duo

193 3386 352 3459 carmina
396 3389 464 3482 (vv.
505 3412 629 3479 1-·-14
664 3404 702 3461 et
744 3391 910 3481 15—-32)
946 3385 1187 3490 dirimendum
1216 3411 1301 3458 esse
1330 3411 1488 3459 censeo

193 3514 362 3587 Eandem
390 3517 607 3588 sententiam
636 3541 717 3588 cum
735 3513 906 3587 Kellerus
934 3510 1179 3586 etHolderus
1206 3513 1305 3586 initio
1325 3512 1488 3609 amplexi

194 3658 336 3731 essent,
374 3646 512 3738 nunc3)
547 3643 582 3714 in
620 3644 840 3717 contrariam
873 3657 1017 3737 partem
1047 3642 1222 3713 abierunt.
1279 3640 1359 3712 Sed
1388 3643 1490 3732 mihi,

193 3795 275 3841 cum
307 3771 356 3844 ad
394 3771 625 3866 propositum
658 3788 823 3844 nostrum
858 3770 933 3842 hoc
960 3796 1105 3842 carmen
1143 3767 1401 3863 gravissimum
1430 3771 1489 3860 sit,

193 3898 340 3971 uberius
370 3899 418 3972 de
447 3923 495 3973 eo
524 3898 784 3994 disputandum
812 3924 898 3971 esse
926 3899 1112 3992 intellego.

298 4027 427 4123 Atque
447 4026 607 4110 codices,
636 4026 766 4121 quibus
786 4023 975 4120 plurimum
995 4026 1154 4097 tribuere
1175 4022 1301 4110 debet,
1333 4026 1493 4100 cuicum·

195 4177 283 4247 que,
314 4168 354 4226 ut
386 4153 487 4242 mihi,
524 4178 741 4247 persuasum
777 4168 853 4242 est,
874 4250 877 4255 Ι
897 4153 1111 4226 »Horatium
1136 4165 1306 4247 poetam.
1347 4153 1379 4223 si
1408 4177 1492 4227 cum

194 4295 459 4304 ————

303 4347 320 4419 ¹)
340 4347 486 4410 Db'derlein,
506 4345 674 4398 Oeffentliche
690 4350 779 4399 Reden
827 4348 961 4398 Franklurt
983 4346 1057 4396 1860.
1076 4364 1101 4412 p.
1122 4357 1173 4407 390
1191 4361 1247 4408 sqq.

300 4439 321 4509 ²)
339 4442 476 4491 Buttmann
495 4439 538 4488 in:
558 4438 652 4489 Ztschr.
671 4442 689 4495 f.
705 4442 733 4492 d.
754 4441 984 4506 Gymnasialwesen
1006 4438 1082 4488 1860.
1102 4455 1127 4504 p.
1147 4435 1198 4499 835
1219 4452 1274 4500 sqq.

301 4530 320 4598 ³)
340 4534 366 4583 in
385 4533 495 4582 editione
513 4531 610 4580 minore
630 4530 709 4600 (Lips.
733 4532 809 4599 1878)
828 4542 853 4582 et
872 4534 902 4582 O.
924 4534 1010 4583 Keller
1028 4532 1212 4597 Epilogomena
1231 4546 1255 4593 p.
1278 4541 1321 4592 33.
