3120 4838
634 269 845 335 ..20-

167 441 264 519 atque
285 436 485 520 potissimum
499 436 695 522 Menippum,
716 446 791 505 ante
815 441 922 504 oculos
944 445 1104 504 versatum
1123 460 1191 504 esse
1211 438 1320 521 opine·

166 567 248 626 mur,
274 546 461 629 praesertim
488 568 560 611 cum
581 547 635 611 alii
656 570 781 633 quoque
803 550 972 632 scriptores
994 548 1126 612 similem
1147 547 1320 630 imaginem

167 655 353 739 exprimant,
376 655 545 739 Epicrates
568 655 677 741 (blein.
698 656 757 722 HI
778 680 808 740 p.
832 658 911 743 368)
939 657 984 736 ,Il
1003 652 1064 740 γὰρ
1077 650 1212 739 ’Ἐχθιον
1234 647 1254 738 ἢ
1276 693 1319 702 -

166 756 249 848 ὁρᾶν
270 786 304 827 τε
326 763 454 846 κείμενα
468 757 608 848 ”Apatna
629 757 815 848 ἡμιβρῶτας
836 757 986 847 ὀρνίθειά
1005 786 1048 843 τε,
1065 750 1120 825 Ὧν
1138 756 1216 825 οῦδὲ
1232 765 1320 841 λειφ-

165 872 298 936 θέντων
325 871 419 955 θέμις
448 866 558 956 dolnp
590 884 715 955 φαγεῖν,
740 863 795 948 Ὧς
822 890 922 953 φασιν
952 868 984 934 αἱ
1010 874 1179 955 yuralxsg‘,
1214 867 1319 935 Lucil.

165 979 271 1061 XIII,
299 978 390 1047 VIII
417 978 481 1064 (ed.
502 979 580 1045 Luc.
603 978 761 1061 Mueller.)
793 979 1019 1061 ,jocundusque
1048 999 1127 1060 puer
1158 976 1212 1060 qui
1240 976 1320 1041 lam-

165 1087 258 1152 berat
297 1108 353 1151 ore
382 1087 573 1169 placentas,‘
604 1087 678 1153 Iuv.
701 1086 768 1168 IX,
799 1090 818 1150 5
854 1107 921 1164 ,nos
950 1085 1118 1168 colaphum
1148 1084 1320 1148 incutimus

165 1195 319 1262 lambenti
347 1196 489 1260 crustula
517 1202 628 1276 servo‘,
664 1217 758 1278 quem
787 1215 922 1276 versum,
950 1196 1005 1277 qui
1033 1215 1135 1276 nuper
1157 1191 1232 1275 Juv.
1259 1198 1319 1255 sat

166 1305 273 1383 edidit,
295 1303 510 1370 Buechelerus
529 1327 600 1371 mea
623 1305 780 1368 sententia
803 1304 923 1386 optimo
943 1304 1016 1386 jure
1036 1302 1174 1366 retinuit.

267 1433 384 1500 Horat.
397 1440 457 1499 sat.
469 1433 507 1497 II
523 1437 552 1515 6,
570 1437 627 1497 63:
651 1432 689 1511 ,O
707 1433 835 1515 quando
856 1433 932 1497 laba
947 1432 1151 1516 Pythagorae
1169 1435 1318 1512 cognata‘

166 1546 198 1605 et
211 1539 289 1607 Luc.
306 1541 379 1623 gall.
398 1544 438 1605 18
465 1538 579 1617 ,ἐκεῖνο
602 1540 638 1603 δέ
659 1562 714 1622 μοι
735 1539 814 1620 εἰπέ,
837 1541 869 1603 τί
891 1559 942 1604 σοι
965 1538 1087 1624 ἐπῆλθε
1109 1531 1211 1614 νόμον
1226 1539 1320 1623 ποιή-

166 1653 286 1712 σασθαι
308 1642 385 1732 μήτε
399 1647 509 1730 κρέων
523 1641 601 1732 μήτε
616 1640 752 1730 κυάμων
769 1644 913 1727 dodina,
925 1650 947 1729 1)
971 1648 1067 1711 Hanc
1082 1646 1320 1712 similitudinem

166 1756 283 1820 nullius
305 1755 457 1819 momenti
483 1776 552 1819 esse
574 1755 667 1819 facile
689 1755 890 1839 perspicuum
912 1763 967 1832 est,
1002 1778 1073 1819 cum
1098 1754 1177 1818 illud
1198 1754 1321 1838 Pytha·

167 1883 337 1946 goreorum
352 1861 565 1941 interdictum,
587 1863 629 1926 ad
653 1861 739 1944 quod
761 1862 807 1925 illi
829 1864 981 1942 alludunt,
1004 1885 1024 1927 a
1046 1864 1201 1927 sexcentis
1223 1864 1320 1947 sc'rip·

167 1969 292 2036 toribus
303 1970 328 2055 2)
354 1975 617 2035 commemoretur
639 1977 738 2052 atquo
761 1971 856 2034 etiam
876 1971 1068 2036 derideatur.

269 2078 429 2164 Quoniam
451 2100 560 2144 omncs
592 2079 812 2144 similitudines
843 2080 1004 2147 aTheod.
1024 2080 1200 2145 Fritzschio
1228 2078 1319 2142 inda·

166 2195 258 2274 gatas
280 2189 549 2273 perlustravimus,
578 2189 698 2253 nullam
718 2194 835 2269 extare,
866 2211 930 2272 qua
952 2190 1017 2254 eius
1048 2189 1205 2252 sententia
1235 2208 1318 2251 com·

165 2298 341 2377 mendetur,
370 2297 515 2379 judicare
545 2298 633 2377 licet3
669 2298 757 2361 nulla
787 2299 870 2361 enim
897 2299 943 2361 ita
973 2302 1160 2381 comparata
1191 2302 1253 2376 est,
1282 2300 1319 2361 ut

166 2407 311 2492 Menippi
331 2405 542 2471 imitationem
564 2407 692 2471 subesse
716 2406 885 2470 dicendum
906 2407 955 2470 sit.

267 2515 346 2581 Jam
376 2514 603 2594 similitudines,
634 2536 714 2598 quas
738 2514 945 2578 Hermannus
971 2512 1166 2577 Fritzschius
1193 2512 1319 2576 investi-

165 2623 259 2705 gavit,
289 2627 535 2706 perscrutemur,
561 2627 658 2704 atque
687 2622 835 2705 primum,
868 2642 950 2705 quae
972 2623 1055 2685 inter
1076 2619 1258 2687 Vononem
1288 2623 1320 2684 et

164 2727 338 2793 Horatium
359 2727 568 2808 intercedant,
591 2729 763 2795 videamus.

265 2857 382 2923 Horat.
405 2863 465 2922 sat.
486 2857 504 2921 I
527 2861 555 2936 3,
586 2861 643 2922 56:
675 2857 851 2937 ,Sincerum
880 2857 1023 2938 cupimus
1045 2877 1100 2920 vas
1129 2855 1320 2920 incrustare‘

165 2968 198 3027 et
228 2985 276 3049 ep.
307 2964 327 3029 I
361 2970 396 3044 2,
431 2968 488 3031 69:
535 2965 619 3049 ,Quo
660 2965 757 3029 semel
794 2970 842 3027 est
876 2962 1000 3027 imbuta
1037 2984 1146 3027 recens
1179 2961 1321 3027 servabit

167 3070 297 3165 odorem
329 3073 429 3138 Testa
468 3073 532 3136 din‘
569 3079 601 3136 et
631 3072 727 3140 Varr.
759 3076 892 3137 sentent.
931 3062 1031 3156 (Ries.
1064 3092 1094 3152 p.
1126 3072 1197 3147 267,
1235 3070 1319 3156 aaa)

166 3176 313 3262 ,Sapiunt
327 3203 404 3246 vasa
427 3180 577 3265 quicquid
598 3181 737 3263 primum
758 3185 967 3262 acceperunt‘.
1011 3177 1143 3242 Nullam
1158 3176 1219 3239 vim
1234 3177 1320 3243 hanc

167 3285 403 3351 similitudinem
429 3289 548 3354 habere
579 3309 651 3352 vere
683 3294 791 3352 monet
819 3288 860 3354 A.
883 3285 1131 3369 Heinriolrius,3)
1164 3305 1236 3346 cum
1266 3286 1319 3350 ille

166 3393 254 3457 locus
271 3392 491 3460 Varronianus
513 3397 546 3459 in
571 3394 732 3474 VarronIS,
757 3417 839 3478 quae
864 3394 1022 3474 dicuntur,
1045 3392 1206 3456 sententiis
1228 3413 1319 3475 repe·

167 3500 279 3580 riatur,
303 3521 439 3581 quarum
467 3502 637 3566 nonnullae
663 3502 798 3567 fortasse
821 3525 838 3567 e
860 3501 1018 3570 Varronis
1046 3500 1134 3564 libris
1159 3499 1318 3580 fluxerint,

166 3628 230 3670 non
243 3627 359 3684 omnes,
375 3614 411 3671 ut
424 3607 516 3671 facile
529 3610 738 3692 intellegatur,
756 3633 794 3674 ox
806 3611 961 3678 Varronis
974 3610 1089 3672 saturis
1100 3610 1318 3696 Menippeisa)

165 3714 315 3779 Lucretio
329 3714 369 3799 ⁵),
406 3735 425 3777 a
456 3736 519 3797 quo
547 3717 647 3782 multa
672 3717 848 3782 Horatium
874 3723 1055 3781 mutuatum
1086 3738 1154 3780 esse
1184 3723 1318 3796 constat,

167 3843 238 3886 eum
265 3822 352 3884 illam
383 3824 651 3904 comparationem
680 3827 817 3908 pectoris
848 3825 979 3889 humani
1011 3846 1082 3888 cum
1104 3844 1188 3900 vas0,
1220 3845 1319 3905 quam

263 4049 284 4117 ¹)
305 4049 351 4103 cfr.
372 4050 452 4103 etiam
469 4050 534 4103 Luc.
553 4067 604 4104 ver.
624 4051 686 4107 hist.
705 4053 791 4120 1124,
810 4053 857 4106 vit.
873 4056 942 4106 auct.
961 4069 983 4107 c.
1002 4054 1024 4104 6.

269 4140 290 4209 ²)
308 4140 339 4194 de
357 4156 409 4208 qua
427 4157 454 4196 re
472 4157 497 4196 r.
515 4140 608 4194 Zelleri
630 4143 680 4209 „D.
699 4142 799 4196 Plrilos.
817 4142 841 4194 d.
861 4142 979 4197 Griech.“
999 4143 1033 4195 Ι4
1051 4159 1076 4210 p.
1092 4141 1140 4194 291
1160 4146 1215 4197 not.
1237 4146 1260 4200 1.

269 4229 289 4300 ⁸)
306 4231 323 4283 l.
341 4230 360 4284 l.
377 4246 402 4298 p.
423 4232 446 4284 9.
548 4230 568 4299 ⁴)
586 4230 656 4285 Ilios.
680 4232 791 4301 praefat.
816 4232 849 4296 X,
876 4233 918 4285 cni
944 4232 1052 4286 Teuffel.
1077 4231 1188 4301 „Gescb
1207 4234 1231 4289 d.
1251 4239 1316 4295 rbm.

164 4321 248 4377 Litt“
265 4324 280 4386 ἓ
299 4321 356 4388 169,
375 4321 391 4373 2
408 4322 561 4376 assentitur.
668 4321 689 4392 ὗ)
708 4322 745 4377 VI
765 4322 798 4373 17
815 4338 871 4390 sqq.
