3120 4838
647 211 870 276 ...62-

261 389 339 459 Non
367 389 473 458 minus
502 390 717 473 improbanda
748 395 797 454 est
824 391 921 455 lectio
953 391 1070 474 ,eripe‘,
1104 389 1247 455 sednon
1271 391 1345 456 ideo

173 480 273 562 quod,
302 485 340 544 ut
367 479 438 544 vult
465 478 649 543 Passowius
682 479 780 565 (Hor.
806 485 842 545 4²
863 486 924 543 sat.
950 478 1007 543 lat.
1032 480 1099 543 und
1123 480 1260 544 deutseh
1284 482 1345 546 mit

171 569 361 649 rechtiertg.
386 567 473 631 Berl.
500 569 578 651 828)
604 590 657 649 „es
681 591 751 632 vom
767 568 905 632 Dichter
929 574 1018 648 stete,
1045 568 1162 632 ebenso
1187 569 1246 633 wie
1262 571 1344 634 arri·

104 649 118 662 ’
172 679 248 739 pere
271 658 315 723 im
339 655 458 740 begriff
480 657 536 721 der
560 663 781 739 ungestiirnen,
807 657 855 721 oft
878 657 1170 740 besinnungslosen
1192 658 1345 723 eileoder

172 746 288 828 gewalt
312 745 400 828 gehr.
425 745 537 825 wird,“
563 746 651 826 quod
675 746 828 828 exemplis
853 768 872 809 a
895 767 945 809 me
969 768 993 808 s.
1019 769 1045 810 v.
1071 746 1173 828 eripio
1198 747 1344 812 collectis

172 836 252 899 satis
276 835 449 913 refutatur,
476 856 514 898 ao
537 856 576 897 ne
600 842 773 918 propterea
796 834 935 916 quidem,
961 835 1049 917 quod
1065 836 1345 918 eripere—quod

171 924 377 990 Kirehnerus
401 923 496 988 affert
519 962 562 970 -
589 925 659 1003 „ein
683 924 844 987 rettendes
868 924 1098 991 herauszieben
1123 923 1281 989 bedeute“
1300 965 1343 971 —

171 1013 205 1076 id
228 1013 311 1077 enim
335 1019 475 1095 negatur
500 1012 532 1077 S.
557 1012 576 1075 I
599 1017 650 1098 4„
680 1013 765 1091 „His
789 1013 908 1094 eripias
932 1013 959 1075 si
983 1012 1145 1096 Tempora
1169 1020 1256 1077 certa
1274 1036 1342 1077 mo·
1376 1031 1378 1034 ’

171 1101 348 1184 (losque-
365 1102 421 1165 sed
444 1102 522 1183 quia
546 1122 647 1183 supra
670 1101 808 1164 vidimus
832 1102 957 1183 eripere
980 1109 1037 1166 aut
1063 1124 1135 1165 oum
1160 1101 1342 1167 dativoaut

171 1213 243 1257 oum
266 1210 414 1273 praepos.
440 1190 492 1254 ab.
517 1191 563 1254 H.
589 1192 743 1255 construi.

258 1278 381 1346 Restat
390 1280 502 1362 igitur,
516 1285 558 1345 'ut
573 1280 746 1361 genuinam
763 1286 912 1361 putemus
924 1280 1092 1344 lectionem
1106 1277 1251 1364 ,erue‘‚¹)'
1260 1300 1344 1360 quae

169 1389 227 1451 per
250 1389 284 1432 se
307 1373 477 1451 praeterea
501 1389 572 1432 eam
594 1368 862 1451 probabilitatem
886 1368 994 1448 habet,
1020 1368 1106 1449 quod
1129 1367 1286 1450 perfacile
1310 1369 1345 1431 in

171 1458 281 1540 ,eripe‘
312 1457 477 1540 corrumpi
510 1458 631 1539 potuit,
665 1457 720 1520 se'd
747 1479 813 1520 non
844 1458 967 1521 scholio
995 1458 1135 1538 margini
1166 1457 1343 1538 adscripto,

171 1546 226 1610 sed
257 1546 344 1628 quod
372 1568 431 1629 pro
460 1552 503 1627 ,u‘
534 1547 716 1629 paullulum
746 1546 907 1629 producta
936 1547 1047 1628 priore
1070 1546 1199 1609 litterae
1222 1547 1344 1611 lineola

171 1636 272 1719 (erpa)
307 1658 327 1699 a
358 1635 494 1701 librario
525 1636 630 1698 minus
665 1642 817 1699 accurate
845 1636 989 1699 intuente
1018 1635 1127 1716 ,eripe‘
1159 1635 1256 1699 facile
1279 1636 1342 1718 legi

170 1725 291 1807 potuit3
316 1724 403 1806 quod
427 1723 507 1787 mihi
530 1726 634 1806 magis
659 1724 818 1806 probatur
843 1746 940 1806 quam
964 1723 1217 1806 quodKellerus
1234 1723 1355 1805 affert,

171 1814 226 1895 qui
250 1813 453 1877 demonstrat
478 1818 574 1893 ,erue‘
598 1836 636 1876 ex
660 1814 765 1896 ,elige‘
790 1835 862 1877 euru
887 1815 919 1878 in
942 1813 1075 1877 modum
1099 1813 1273 1877 exstitisse.

259 1902 300 1970 V.
349 1901 382 1968 Sa
406 1902 425 1966 I
452 1907 522 1986 7„:
546 1902 725 1984 ,Expressa
748 1902 883 1965 arbusto
908 1903 1028 1984 regerit
1052 1903 1222 1967 convicia‘:

259 1991 431 2072 ,arbusto‘,
465 2011 504 2053 ex
535 1992 708 2074 participio
739 1997 912 2073 ,expressa‘
937 1991 1087 2072 pendens,
1113 2013 1176 2054 non
1200 1990 1339 2071 dativus,

171 2100 265 2162 quem
288 2079 416 2163 Krueg.
442 2079 611 2161 intellegit,
638 2080 694 2144 sed
717 2080 881 2143 ablativus
906 2087 964 2143 est.

258 2168 320 2235 VI.
369 2168 401 2235 S.
426 2168 576 2254 11-3„.,:
602 2168 789 2249 ,Abstinuit
811 2169 875 2232 vim
900 2169 1009 2234 Uxore
1034 2173 1065 2232 et
1088 2173 1215 2250 gnato‘:

260 2257 299 2322 de
323 2257 546 2340 ambiguitate,
572 2264 682 2322 utrum
706 2257 865 2321 traditam
888 2259 1058 2322 lectionem
1081 2261 1203 2337 ,uxore‘
1227 2257 1337 2337 genui·

171 2368 248 2410 nam
281 2369 323 2411 an
358 2348 391 2410 in
429 2348 544 2427 ,uxori‘
581 2346 828 2429 permutandam
863 2348 1089 2427 existimemus
1122 2346 1161 2412 ef.
1185 2345 1229 2428 hj.
1255 2366 1340 2409 com-

166 2443 261 2500 ment.
299 2435 317 2522 ξ
343 2442 372 2500 5.

169 4261 382 4274 —u—-u-W

260 4348 284 4421 ¹)
303 4347 394 4410 locos,
416 4345 517 4415 quibus
536 4345 596 4399 fere
616 4342 714 4398 eadem
733 4341 813 4395 verbi
833 4341 1003 4412 significatio
1024 4349 1131 4408 exstat,
1151 4344 1339 4402 attulit'Ges·

167 4437 253 4474 nerus
272 4420 302 4472 in
321 4419 454 4472 thesauro
474 4419 491 4470 l.
510 4418 529 4472 l.
549 4435 599 4470 suo
620 4434 640 4473 s.
660 4434 685 4470 v.
706 4432 782 4468 eru0.

1450 4446 1452 4503 l

1449 4506 1452 4597 l
