3120 4838
805 175 848 236 24

423 379 448 473 ξ
476 376 513 450 3.
542 377 601 449 De
628 376 809 450 versibus
836 374 1230 470 dactylo-trochaicis.

276 526 326 598 Ut
352 526 388 598 in
414 525 544 597 iambis
567 525 618 596 ita
639 525 677 596 in
699 523 871 596 versibus
890 522 1249 618 dactylo-trochaicis
1270 521 1481 594 formandis

175 654 350 726 Horatius
386 649 646 725 Archilochum
681 651 910 748 potissimum
945 669 1093 724 secutus
1130 667 1199 739 est,
1242 649 1302 746 qui
1331 649 1482 745 primus

174 780 402 877 dactylorum
441 795 478 853 et
514 781 773 853 trochaeorum
810 780 1079 876 compositione
1112 794 1230 850 metra
1260 777 1480 850 conforma·

171 926 276 983 verat
309 925 407 982 teste
447 896 725 1003 Hephaest'c.
773 931 811 1001 ¹5
850 908 923 981 init.
956 934 992 1002 p.
1024 905 1136 998 47W.
1193 905 1321 1001 Atque
1351 923 1480 1001 poeta

172 1054 300 1111 noster
328 1037 422 1108 duos
449 1054 584 1108 versus¹
609 1038 656 1107 ab
682 1034 744 1107 illo
774 1049 902 1129 aperte
931 1035 1071 1131 petivit.

278 1250 381 1322 Unus
401 1263 545 1321 constat
566 1274 587 1318 e
606 1263 821 1320 tetrametro
843 1244 1030 1341 dactylico
1050 1263 1088 1318 et
1101 1245 1262 1341 tripodia
1278 1245 1480 1319 trochaica

177 1380 282 1474 (Hor.
309 1403 420 1450 carm.
443 1377 469 1449 Ι.
496 1383 553 1471 4l:
586 1369 1476 1477 —rTo-ob‘*lou-·vvl·*v·-v-us

173 1532 284 1603 quem
326 1500 520 1577 Horatium
564 1504 610 1575 ab
653 1503 878 1577 Archilocho
923 1503 1164 1598 expressisse,
1207 1503 1296 1574 hlar.
1329 1501 1475 1573 Victor.

181 1656 312 1727 117‚21
338 1631 497 1704 tradidit.
541 1631 653 1727 Apud
673 1632 789 1726 ipsum
805 1630 1066 1704 Archilochum
1080 1655 1174 1703 nunc
1188 1632 1282 1703 haec
1299 1646 1473 1702 exstant:
1518 1722 1522 1727 Α

175 1764 218 1835 fr.
258 1786 330 1834 100
362 1757 409 1832 B3
436 1758 553 1833 οὐκέθ’
581 1755 682 1853 ὁμαλς
710 1759 854 1845 λλάλλεις
880 1756 1017 1833 ἁπαλὸν
1042 1760 1130 1856 χρόα
1160 1785 1166 1797 ·
1197 1758 1373 1854 κάρφεται
1406 1758 1479 1854 γὰρ

176 1887 263 1985 iidem
293 1890 332 1961 sr.
368 1912 470 1981 103‚1
506 1905 601 1973 τοῖος
627 1888 694 1984 γὰρ
713 1887 906 1981 φιλότητος
927 1890 1017 1984 ἔρως
1034 1885 1103 1960 ὑπὸ
1121 1891 1268 1983 καρδίην
1288 1889 1477 1971 έλυσθείς;

175 2018 217 2092 srJ
252 2041 359 2110 103‚3
390 2020 524 2111 κλέψας
552 2018 589 2087 έκ
615 2019 783 2108 στηθέων
810 2012 949 2101 ἁπαλὰς
977 2020 1110 2113 φρένας
1127 2072 1290 2090 .......
1321 2015 1361 2085 fr.
1398 2039 1478 2105 114

173 2143 382 2240 πεντήκοντ’
424 2143 570 2239 ἀνδρῶν
612 2151 691 2215 λίπε
735 2151 901 2240 κοίρανον
942 2143 1048 2237 ἤπιος
1077 2146 1283 2232 Ποσειιλιῦνς
1318 2141 1358 2212 fr.
1400 2164 1473 2234 115

165 2280 230 2376 ικαὶ
264 2274 398 2367 βήσσας
429 2271 544 2369 ὀρέων
577 2271 851 2356 δνςααιαάλσυς,
886 2271 959 2357 οἷος
992 2266 1037 2364 ἦν
1070 2271 1121 2343 ἐπ’
1157 2268 1255 2364 ἥβης.
1292 2315 1342 2324 -—
1377 2269 1477 2343 Eum

173 2428 330 2487 versum,
366 2427 475 2497 quem
511 2417 714 2472 extremum
749 2400 855 2494 posui
895 2400 1096 2495 Hephaest.
1128 2426 1159 2473 c.
1198 2420 1238 2490 15
1270 2425 1304 2492 p.
1336 2422 1384 2491 50
1416 2398 1476 2469 W.

176 2530 284 2602 affert
319 2546 357 2602 et
391 2529 511 2601 addit:
540 2535 673 2621 γίνεται
703 2531 741 2599 δέ
769 2524 788 2597 ὁ
816 2536 1020 2614 τελευταῖος
1052 2536 1116 2620 τῆς
1148 2528 1381 2621 τετραααλίας
1415 2526 1477 2597 διὰ

176 2659 243 2751 τὴν
284 2661 339 2729 ἐπὶ
376 2661 502 2741 τέλους
537 2653 736 2752 ἀδιάφορον
771 2662 828 2727 καὶ
862 2657 1038 2752 κρητικός,
1076 2655 1177 2751 quod
1213 2651 1412 2748 Westphal
1448 2655 1478 2726 ll

179 2807 255 2879 570
297 2785 476 2880 probavit.
546 2784 624 2856 Sed
666 2810 745 2855 cum
795 2781 885 2857 alias
926 2802 1168 2879 systematum
1208 2778 1476 2876 dactylicorum

176 2913 327 2986 extremi
369 2913 490 3008 pedes
531 2937 681 3007 semper
715 2927 777 2983 aut
811 2913 889 3007 puri
932 2911 1066 3006 dactyli
1102 2912 1172 2984 sint
1211 2925 1273 2982 aut
1307 2909 1476 2982 trochaei

174 3043 229 3114 vel
258 3041 416 3136 spondei
447 3040 529 3136 (nisi
557 3065 686 3112 versus
713 3040 747 3111 in
776 3038 956 3134 syllabam
994 3038 1225 3113 catalecticus
1264 3035 1357 3138 est),
1395 3036 1474 3110 He·

174 3168 431 3263 phaestionem
461 3195 483 3241 a
510 3193 599 3240 vero
620 3167 851 3241 aberravisse
881 3192 1019 3241 censeo
1046 3184 1084 3241 et
1112 3194 1191 3240 cum
1211 3165 1387 3263 Bergki0,
1416 3167 1475 3238 cui

176 3297 285 3369 etiam
305 3297 482 3370 Christius
510 3323 545 3391 p.
577 3316 652 3389 574
682 3294 897 3392 adstipulari
924 3296 1077 3379 videtur,
1106 3321 1174 3390 pro
1205 3294 1475 3380 δνσααιαάλους

175 3425 325 3521 antiquo
353 3448 458 3497 more
494 3425 734 3508 ὁυςααιαάλσς
765 3424 928 3497 scribere
965 3421 1102 3513 malim,
1136 3424 1185 3496 ita
1218 3439 1256 3495 ut
1281 3422 1354 3495 hoc
1383 3449 1473 3518 quo-

176 3577 248 3648 que
289 3556 374 3625 loco
410 3576 532 3624 merus
568 3549 737 3646 dactylus
773 3551 962 3625 efficiatur.
1028 3551 1141 3645 Quod
1179 3551 1207 3623 si
1242 3576 1368 3622 verum
1404 3566 1474 3638 est,

176 3680 275 3752 omni
304 3707 350 3752 ex
375 3695 481 3776 parte
513 3679 687 3751 Horatius
717 3679 764 3751 ab
794 3679 993 3775 exemplari
1021 3679 1185 3775 pendere
1214 3679 1376 3763 videtur,
1406 3679 1474 3752 nisi

175 3807 275 3901 quod
293 3832 485 3881 caesuram
514 3822 602 3901 post
620 3806 661 3876 lll
681 3808 904 3896 trochaeum,
935 3832 1044 3903 quam
1072 3806 1106 3878 in
1126 3805 1264 3881 Archil.
1293 3806 1335 3880 fr.
1363 3831 1465 3899 103,1

174 3936 394 4028 reperimus,
423 3936 503 4031 ipse
533 3933 601 4006 sibi
629 3959 701 4006 non
732 3937 932 4024 concessit,
967 3935 1036 4007 sed
1064 3959 1230 4029 semper,
1269 3951 1307 4007 ut
1339 3935 1399 4008 hic
1437 3936 1474 4008 in

174 4062 321 4158 reliquis
339 4063 513 4136 'versibus
540 4087 695 4134 caesura
722 4062 978 4158 semiquinaria
1004 4087 1090 4134 usus
1128 4076 1195 4135 est.
1259 4061 1397 4134 Verum
1435 4063 1473 4136 id

176 4214 256 4263 cum
285 4192 451 4264 universo
478 4206 671 4286 poetarum
698 4189 911 4264 Latinorum
946 4192 1125 4264 adversus
1154 4214 1345 4263 caesuram
1384 4208 1474 4287 post

174 4317 218 4390 Ill
236 4321 454 4392 trochaeum
474 4319 562 4391 odio
585 4320 774 4414 cohaeret,
803 4321 918 4417 cujus,
948 4338 987 4393 ut
1006 4344 1118 4414 supra
1137 4318 1302 4407 diximus,
1332 4319 1475 4395 Graeci

176 4448 382 4546 participes·
403 4471 478 4524 uon
508 4463 599 4522 sunt.
655 4446 786 4523 Altera
805 4464 894 4551 post
913 4463 1080 4544 quartum
1101 4442 1286 4545 dactylum
1315 4473 1472 4525 caesura
